[
  {
    "ticker": "INCY",
    "cik": "0000879169",
    "Assets": 6330356000,
    "Assets_date": "2025-09-30",
    "CurrentAssets": 4277889000,
    "CurrentAssets_date": "2025-09-30",
    "Liabilities": 1679162000,
    "Liabilities_date": "2025-09-30",
    "CurrentLiabilities": 1338729000,
    "CurrentLiabilities_date": "2025-09-30",
    "ShareholdersEquity": 4651194000,
    "ShareholdersEquity_date": "2025-09-30",
    "Cash": 2455006000,
    "Cash_date": "2025-09-30",
    "MarketableSecurities": 284870000,
    "MarketableSecurities_date": "2019-12-31",
    "COGS": 250955000,
    "COGS_date": "2025-09-30",
    "R&D": 1438780000,
    "R&D_date": "2025-09-30",
    "NetIncome": 987371000,
    "NetIncome_date": "2025-09-30",
    "LongTermDebt": 19094000000,
    "LongTermDebt_date": "2018-12-31",
    "LongTermDebtCurrent": 689118000,
    "LongTermDebtCurrent_date": "2014-12-31",
    "Revenue": 3634407000,
    "Revenue_date": "2025-09-30",
    "CFO": 870197000,
    "CFO_date": "2025-09-30",
    "OperatingExpenses": 2455407000,
    "OperatingExpenses_date": "2025-09-30",
    "InterestExpense": 430000,
    "InterestExpense_date": "2024-03-31",
    "collected_at": "2026-01-27"
  },
  {
    "ticker": "JAZZ",
    "cik": "0001232524",
    "Assets": 11356485000,
    "Assets_date": "2025-09-30",
    "CurrentAssets": 3755878000,
    "CurrentAssets_date": "2025-09-30",
    "CurrentLiabilities": 2274102000,
    "CurrentLiabilities_date": "2025-09-30",
    "ShareholdersEquity": 3959030000,
    "ShareholdersEquity_date": "2025-09-30",
    "Cash": 1326070000,
    "Cash_date": "2025-09-30",
    "AvailableForSaleSecurities": 0,
    "AvailableForSaleSecurities_date": "2012-12-31",
    "R&D": 299726000,
    "R&D_date": "2019-12-31",
    "NetIncome": -559599000,
    "NetIncome_date": "2025-09-30",
    "LongTermDebt": 5361161000,
    "LongTermDebt_date": "2025-09-30",
    "LongTermDebtCurrent": 1029179000,
    "LongTermDebtCurrent_date": "2025-09-30",
    "Revenue": 3069660000,
    "Revenue_date": "2025-09-30",
    "CFO": 993255000,
    "CFO_date": "2025-09-30",
    "OperatingExpenses": 3754435000,
    "OperatingExpenses_date": "2025-09-30",
    "InterestExpense": 32800000,
    "InterestExpense_date": "2023-12-31",
    "collected_at": "2026-01-27"
  },
  {
    "ticker": "IONS",
    "cik": "0000874015",
    "Assets": 3033091000,
    "Assets_date": "2025-09-30",
    "CurrentAssets": 2518993000,
    "CurrentAssets_date": "2025-09-30",
    "Liabilities": 2415124000,
    "Liabilities_date": "2025-09-30",
    "CurrentLiabilities": 903456000,
    "CurrentLiabilities_date": "2025-09-30",
    "ShareholdersEquity": 617967000,
    "ShareholdersEquity_date": "2025-09-30",
    "Cash": 338341000,
    "Cash_date": "2025-09-30",
    "ShortTermInvestments": 1901830000,
    "ShortTermInvestments_date": "2025-09-30",
    "AvailableForSaleSecurities": 340622000,
    "AvailableForSaleSecurities_date": "2011-03-31",
    "R&D": 638200000,
    "R&D_date": "2021-12-31",
    "NetIncome": -151993000,
    "NetIncome_date": "2025-09-30",
    "LongTermDebt": 1253062000,
    "LongTermDebt_date": "2024-12-31",
    "LongTermDebtCurrent": 165000,
    "LongTermDebtCurrent_date": "2024-12-31",
    "Revenue": 740381000,
    "Revenue_date": "2025-09-30",
    "CFO": -130874000,
    "CFO_date": "2025-09-30",
    "OperatingExpenses": 907606000,
    "OperatingExpenses_date": "2025-09-30",
    "InterestExpense": 12434000,
    "InterestExpense_date": "2025-09-30",
    "collected_at": "2026-01-27"
  },
  {
    "ticker": "BBIO",
    "cik": "0001743881",
    "Assets": 998250000,
    "Assets_date": "2025-09-30",
    "CurrentAssets": 839382000,
    "CurrentAssets_date": "2025-09-30",
    "Liabilities": 2920979000,
    "Liabilities_date": "2025-09-30",
    "CurrentLiabilities": 216600000,
    "CurrentLiabilities_date": "2025-09-30",
    "ShareholdersEquity": -1933070000,
    "ShareholdersEquity_date": "2025-09-30",
    "Cash": 642951000,
    "Cash_date": "2025-09-30",
    "MarketableSecurities": 7939000,
    "MarketableSecurities_date": "2025-06-30",
    "COGS": 12855000,
    "COGS_date": "2025-09-30",
    "R&D": 335536000,
    "R&D_date": "2025-09-30",
    "NetIncome": -69000,
    "NetIncome_date": "2019-06-30",
    "LongTermDebt": 2007337000,
    "LongTermDebt_date": "2025-09-30",
    "LongTermDebtCurrent": 3646000,
    "LongTermDebtCurrent_date": "2021-03-31",
    "Revenue": 347898000,
    "Revenue_date": "2025-09-30",
    "CFO": -389490000,
    "CFO_date": "2025-09-30",
    "OperatingExpenses": 731747000,
    "OperatingExpenses_date": "2025-09-30",
    "InterestExpense": 21186000,
    "InterestExpense_date": "2025-06-30",
    "collected_at": "2026-01-27"
  },
  {
    "ticker": "GOSS",
    "cik": "0001728117",
    "Assets": 208820000,
    "Assets_date": "2025-09-30",
    "CurrentAssets": 203989000,
    "CurrentAssets_date": "2025-09-30",
    "Liabilities": 291153000,
    "Liabilities_date": "2025-09-30",
    "CurrentLiabilities": 62117000,
    "CurrentLiabilities_date": "2025-09-30",
    "ShareholdersEquity": -82333000,
    "ShareholdersEquity_date": "2025-09-30",
    "Cash": 8933000,
    "Cash_date": "2025-09-30",
    "MarketableSecurities": 171291000,
    "MarketableSecurities_date": "2025-09-30",
    "NetIncome": -123132000,
    "NetIncome_date": "2025-09-30",
    "LongTermDebt": 28548000,
    "LongTermDebt_date": "2020-03-31",
    "LongTermDebtCurrent": 0,
    "LongTermDebtCurrent_date": "2024-12-31",
    "Revenue": 34672000,
    "Revenue_date": "2025-09-30",
    "CFO": -122952000,
    "CFO_date": "2025-09-30",
    "OperatingExpenses": 159361000,
    "OperatingExpenses_date": "2025-09-30",
    "InterestExpense": 3129000,
    "InterestExpense_date": "2024-03-31",
    "collected_at": "2026-01-27"
  },
  {
    "ticker": "RNA",
    "cik": "0001599901",
    "Assets": 2134209000,
    "Assets_date": "2025-09-30",
    "CurrentAssets": 1966017000,
    "CurrentAssets_date": "2025-09-30",
    "Liabilities": 247944000,
    "Liabilities_date": "2025-09-30",
    "CurrentLiabilities": 169879000,
    "CurrentLiabilities_date": "2025-09-30",
    "ShareholdersEquity": 1886265000,
    "ShareholdersEquity_date": "2025-09-30",
    "Cash": 350158000,
    "Cash_date": "2025-09-30",
    "MarketableSecurities": 261849000,
    "MarketableSecurities_date": "2022-09-30",
    "R&D": 392563000,
    "R&D_date": "2025-09-30",
    "NetIncome": -447530000,
    "NetIncome_date": "2025-09-30",
    "LongTermDebt": 0,
    "LongTermDebt_date": "2020-09-30",
    "LongTermDebtCurrent": 0,
    "LongTermDebtCurrent_date": "2020-09-30",
    "Revenue": 17895000,
    "Revenue_date": "2025-09-30",
    "CFO": -480668000,
    "CFO_date": "2025-09-30",
    "OperatingExpenses": 509360000,
    "OperatingExpenses_date": "2025-09-30",
    "InterestExpense": 0,
    "InterestExpense_date": "2022-12-31",
    "collected_at": "2026-01-27"
  },
  {
    "ticker": "KYMR",
    "cik": "0001815442",
    "Assets": 1102044000,
    "Assets_date": "2025-09-30",
    "CurrentAssets": 528298000,
    "CurrentAssets_date": "2025-09-30",
    "Liabilities": 155786000,
    "Liabilities_date": "2025-09-30",
    "CurrentLiabilities": 71575000,
    "CurrentLiabilities_date": "2025-09-30",
    "ShareholdersEquity": 946258000,
    "ShareholdersEquity_date": "2025-09-30",
    "Cash": 112949000,
    "Cash_date": "2025-09-30",
    "COGS": 36341000,
    "COGS_date": "2025-09-30",
    "R&D": 232737000,
    "R&D_date": "2025-09-30",
    "NetIncome": -224370000,
    "NetIncome_date": "2025-09-30",
    "Revenue": 36341000,
    "Revenue_date": "2025-09-30",
    "CFO": -166144000,
    "CFO_date": "2025-09-30",
    "OperatingExpenses": 287844000,
    "OperatingExpenses_date": "2025-09-30",
    "collected_at": "2026-01-27"
  },
  {
    "ticker": "RYTM",
    "cik": "0001649904",
    "Assets": 506874000,
    "Assets_date": "2025-09-30",
    "CurrentAssets": 494802000,
    "CurrentAssets_date": "2025-09-30",
    "Liabilities": 211191000,
    "Liabilities_date": "2025-09-30",
    "CurrentLiabilities": 104267000,
    "CurrentLiabilities_date": "2025-09-30",
    "ShareholdersEquity": 148817000,
    "ShareholdersEquity_date": "2025-09-30",
    "Cash": 52078000,
    "Cash_date": "2025-09-30",
    "ShortTermInvestments": 363974000,
    "ShortTermInvestments_date": "2025-09-30",
    "AvailableForSaleSecurities": 113846000,
    "AvailableForSaleSecurities_date": "2017-12-31",
    "R&D": 125307000,
    "R&D_date": "2025-09-30",
    "NetIncome": -149034000,
    "NetIncome_date": "2025-09-30",
    "LongTermDebt": 72961000,
    "LongTermDebt_date": "2022-09-30",
    "LongTermDebtCurrent": 5556000,
    "LongTermDebtCurrent_date": "2025-09-30",
    "Revenue": 132504000,
    "Revenue_date": "2025-09-30",
    "CFO": -90286000,
    "CFO_date": "2025-09-30",
    "OperatingExpenses": 277457000,
    "OperatingExpenses_date": "2025-09-30",
    "InterestExpense": 4755000,
    "InterestExpense_date": "2024-03-31",
    "collected_at": "2026-01-27"
  },
  {
    "ticker": "EPRX",
    "cik": "0001581178",
    "Assets": 20266229,
    "Assets_date": "2023-12-31",
    "CurrentAssets": 19803078,
    "CurrentAssets_date": "2023-12-31",
    "Liabilities": 19373903,
    "Liabilities_date": "2023-12-31",
    "CurrentLiabilities": 19373903,
    "CurrentLiabilities_date": "2023-12-31",
    "ShareholdersEquity": 2216207,
    "ShareholdersEquity_date": "2023-12-31",
    "Cash": 19341756,
    "Cash_date": "2023-12-31",
    "R&D": 20563225,
    "R&D_date": "2023-12-31",
    "NetIncome": -28220796,
    "NetIncome_date": "2023-12-31",
    "Revenue": 0,
    "Revenue_date": "2023-12-31",
    "CFO": -20683623,
    "CFO_date": "2023-12-31",
    "OperatingExpenses": 27847229,
    "OperatingExpenses_date": "2023-12-31",
    "InterestExpense": 1170173,
    "InterestExpense_date": "2023-12-31",
    "collected_at": "2026-01-27"
  },
  {
    "ticker": "ACAD",
    "cik": "0001070494",
    "Assets": 1330771000,
    "Assets_date": "2025-09-30",
    "CurrentAssets": 1076422000,
    "CurrentAssets_date": "2025-09-30",
    "Liabilities": 413499000,
    "Liabilities_date": "2025-09-30",
    "CurrentLiabilities": 356584000,
    "CurrentLiabilities_date": "2025-09-30",
    "ShareholdersEquity": 917272000,
    "ShareholdersEquity_date": "2025-09-30",
    "Cash": 257996000,
    "Cash_date": "2025-09-30",
    "AvailableForSaleSecurities": 83027000,
    "AvailableForSaleSecurities_date": "2013-03-31",
    "R&D": 244045000,
    "R&D_date": "2025-09-30",
    "NetIncome": 117432000,
    "NetIncome_date": "2025-09-30",
    "LongTermDebtCurrent": 22000,
    "LongTermDebtCurrent_date": "2012-03-31",
    "Revenue": 787516000,
    "Revenue_date": "2025-09-30",
    "CFO": 158567000,
    "CFO_date": "2025-09-30",
    "OperatingExpenses": 700096000,
    "OperatingExpenses_date": "2025-09-30",
    "collected_at": "2026-01-27"
  },
  {
    "ticker": "ALNY",
    "cik": "0001178670",
    "Assets": 4851662000,
    "Assets_date": "2025-09-30",
    "CurrentAssets": 3952811000,
    "CurrentAssets_date": "2025-09-30",
    "Liabilities": 4617768000,
    "Liabilities_date": "2025-09-30",
    "CurrentLiabilities": 1555477000,
    "CurrentLiabilities_date": "2025-09-30",
    "ShareholdersEquity": 233894000,
    "ShareholdersEquity_date": "2025-09-30",
    "Cash": 1490249000,
    "Cash_date": "2025-09-30",
    "R&D": 947557000,
    "R&D_date": "2025-09-30",
    "NetIncome": 127328000,
    "NetIncome_date": "2025-09-30",
    "LongTermDebt": 677723000,
    "LongTermDebt_date": "2022-06-30",
    "Revenue": 2616904000,
    "Revenue_date": "2025-09-30",
    "CFO": 360525000,
    "CFO_date": "2025-09-30",
    "OperatingExpenses": 2247044000,
    "OperatingExpenses_date": "2025-09-30",
    "InterestExpense": 35253000,
    "InterestExpense_date": "2024-03-31",
    "collected_at": "2026-01-27"
  },
  {
    "ticker": "BMRN",
    "cik": "0001048477",
    "Assets": 7614868000,
    "Assets_date": "2025-09-30",
    "CurrentAssets": 3854543000,
    "CurrentAssets_date": "2025-09-30",
    "Liabilities": 1558157000,
    "Liabilities_date": "2025-09-30",
    "CurrentLiabilities": 798438000,
    "CurrentLiabilities_date": "2025-09-30",
    "ShareholdersEquity": 6056711000,
    "ShareholdersEquity_date": "2025-09-30",
    "Cash": 1250108000,
    "Cash_date": "2025-09-30",
    "ShortTermInvestments": 935662000,
    "ShortTermInvestments_date": "2018-06-30",
    "AvailableForSaleSecurities": 935662000,
    "AvailableForSaleSecurities_date": "2018-06-30",
    "COGS": 441733000,
    "COGS_date": "2025-09-30",
    "R&D": 729517000,
    "R&D_date": "2025-09-30",
    "NetIncome": 395474000,
    "NetIncome_date": "2025-09-30",
    "Revenue": 2346688000,
    "Revenue_date": "2025-09-30",
    "CFO": 728350000,
    "CFO_date": "2025-09-30",
    "OperatingExpenses": 1892600000,
    "OperatingExpenses_date": "2025-09-30",
    "InterestExpense": 3547000,
    "InterestExpense_date": "2024-03-31",
    "collected_at": "2026-01-27"
  },
  {
    "ticker": "CRSP",
    "cik": "0001674416",
    "Assets": 2245308000,
    "Assets_date": "2025-09-30",
    "CurrentAssets": 1929092000,
    "CurrentAssets_date": "2025-09-30",
    "Liabilities": 329326000,
    "Liabilities_date": "2025-09-30",
    "CurrentLiabilities": 118957000,
    "CurrentLiabilities_date": "2025-09-30",
    "ShareholdersEquity": 1915982000,
    "ShareholdersEquity_date": "2025-09-30",
    "Cash": 286497000,
    "Cash_date": "2025-09-30",
    "MarketableSecurities": 1629213000,
    "MarketableSecurities_date": "2025-09-30",
    "R&D": 201280000,
    "R&D_date": "2025-09-30",
    "NetIncome": -450986000,
    "NetIncome_date": "2025-09-30",
    "Revenue": 2646000,
    "Revenue_date": "2025-09-30",
    "CFO": -252461000,
    "CFO_date": "2025-09-30",
    "OperatingExpenses": 512453000,
    "OperatingExpenses_date": "2025-09-30",
    "collected_at": "2026-01-27"
  },
  {
    "ticker": "VRTX",
    "cik": "0000875320",
    "Assets": 24862300000,
    "Assets_date": "2025-09-30",
    "CurrentAssets": 10569600000,
    "CurrentAssets_date": "2025-09-30",
    "Liabilities": 7543500000,
    "Liabilities_date": "2025-09-30",
    "CurrentLiabilities": 4475300000,
    "CurrentLiabilities_date": "2025-09-30",
    "ShareholdersEquity": 17318800000,
    "ShareholdersEquity_date": "2025-09-30",
    "Cash": 4939600000,
    "Cash_date": "2025-09-30",
    "MarketableSecurities": 1347400000,
    "MarketableSecurities_date": "2025-09-30",
    "AvailableForSaleSecurities": 518108000,
    "AvailableForSaleSecurities_date": "2018-12-31",
    "R&D": 603100000,
    "R&D_date": "2022-03-31",
    "NetIncome": 2762100000,
    "NetIncome_date": "2025-09-30",
    "LongTermDebt": 105000000,
    "LongTermDebt_date": "2011-09-30",
    "Revenue": 8811300000,
    "Revenue_date": "2025-09-30",
    "CFO": 3133400000,
    "CFO_date": "2025-09-30",
    "OperatingExpenses": 5843900000,
    "OperatingExpenses_date": "2025-09-30",
    "InterestExpense": 58151000,
    "InterestExpense_date": "2020-12-31",
    "collected_at": "2026-01-27"
  },
  {
    "ticker": "SRPT",
    "cik": "0000873303",
    "Assets": 3493437000,
    "Assets_date": "2025-09-30",
    "CurrentAssets": 2722309000,
    "CurrentAssets_date": "2025-09-30",
    "Liabilities": 2173317000,
    "Liabilities_date": "2025-09-30",
    "CurrentLiabilities": 921425000,
    "CurrentLiabilities_date": "2025-09-30",
    "ShareholdersEquity": 1320120000,
    "ShareholdersEquity_date": "2025-09-30",
    "Cash": 613077000,
    "Cash_date": "2025-09-30",
    "ShortTermInvestments": 237916000,
    "ShortTermInvestments_date": "2025-09-30",
    "R&D": 207239000,
    "R&D_date": "2020-12-31",
    "NetIncome": -430563000,
    "NetIncome_date": "2025-09-30",
    "LongTermDebt": 1035146000,
    "LongTermDebt_date": "2025-09-30",
    "LongTermDebtCurrent": 0,
    "LongTermDebtCurrent_date": "2024-12-31",
    "Revenue": 1494689000,
    "Revenue_date": "2025-09-30",
    "CFO": -336685000,
    "CFO_date": "2025-09-30",
    "OperatingExpenses": 2043501000,
    "OperatingExpenses_date": "2025-09-30",
    "InterestExpense": 17296000,
    "InterestExpense_date": "2025-09-30",
    "collected_at": "2026-01-27"
  },
  {
    "ticker": "UTHR",
    "cik": "0001082554",
    "Assets": 7351100000,
    "Assets_date": "2025-09-30",
    "CurrentAssets": 3494000000,
    "CurrentAssets_date": "2025-09-30",
    "Liabilities": 760900000,
    "Liabilities_date": "2025-09-30",
    "CurrentLiabilities": 546300000,
    "CurrentLiabilities_date": "2025-09-30",
    "ShareholdersEquity": 6590200000,
    "ShareholdersEquity_date": "2025-09-30",
    "Cash": 1340100000,
    "Cash_date": "2025-09-30",
    "MarketableSecurities": 1427500000,
    "MarketableSecurities_date": "2025-09-30",
    "R&D": 410500000,
    "R&D_date": "2025-09-30",
    "NetIncome": 970400000,
    "NetIncome_date": "2025-09-30",
    "Revenue": 2392500000,
    "Revenue_date": "2025-09-30",
    "CFO": 1215000000,
    "CFO_date": "2025-09-30",
    "OperatingExpenses": 1256700000,
    "OperatingExpenses_date": "2025-09-30",
    "InterestExpense": 13300000,
    "InterestExpense_date": "2024-03-31",
    "collected_at": "2026-01-27"
  },
  {
    "ticker": "EXEL",
    "cik": "0000939767",
    "Assets": 2823547000,
    "Assets_date": "2025-10-03",
    "CurrentAssets": 1402257000,
    "CurrentAssets_date": "2025-10-03",
    "Liabilities": 662847000,
    "Liabilities_date": "2025-10-03",
    "CurrentLiabilities": 373777000,
    "CurrentLiabilities_date": "2025-10-03",
    "ShareholdersEquity": 2160700000,
    "ShareholdersEquity_date": "2025-10-03",
    "Cash": 376300000,
    "Cash_date": "2025-10-03",
    "MarketableSecurities": 612235000,
    "MarketableSecurities_date": "2025-10-03",
    "ShortTermInvestments": 803540000,
    "ShortTermInvestments_date": "2024-06-28",
    "R&D": 611753000,
    "R&D_date": "2025-10-03",
    "NetIncome": 538042000,
    "NetIncome_date": "2025-10-03",
    "LongTermDebt": 0,
    "LongTermDebt_date": "2017-12-29",
    "LongTermDebtCurrent": 189122000,
    "LongTermDebtCurrent_date": "2016-12-31",
    "Revenue": 1721463000,
    "Revenue_date": "2025-10-03",
    "CFO": 550752000,
    "CFO_date": "2025-10-03",
    "OperatingExpenses": 1084488000,
    "OperatingExpenses_date": "2025-10-03",
    "InterestExpense": 0,
    "InterestExpense_date": "2020-01-03",
    "collected_at": "2026-01-27"
  },
  {
    "ticker": "RARE",
    "cik": "0001515673",
    "Assets": 1190445000,
    "Assets_date": "2025-09-30",
    "CurrentAssets": 643206000,
    "CurrentAssets_date": "2025-09-30",
    "Liabilities": 1174286000,
    "Liabilities_date": "2025-09-30",
    "CurrentLiabilities": 340022000,
    "CurrentLiabilities_date": "2025-09-30",
    "ShareholdersEquity": 9159000,
    "ShareholdersEquity_date": "2025-09-30",
    "Cash": 202510000,
    "Cash_date": "2025-09-30",
    "ShortTermInvestments": 568034000,
    "ShortTermInvestments_date": "2020-09-30",
    "R&D": 546720000,
    "R&D_date": "2025-09-30",
    "NetIncome": -446444000,
    "NetIncome_date": "2025-09-30",
    "Revenue": 465721000,
    "Revenue_date": "2025-09-30",
    "CFO": -366171000,
    "CFO_date": "2025-09-30",
    "OperatingExpenses": 375715000,
    "OperatingExpenses_date": "2021-06-30",
    "InterestExpense": 318000,
    "InterestExpense_date": "2014-03-31",
    "collected_at": "2026-01-27"
  },
  {
    "ticker": "FOLD",
    "cik": "0001178879",
    "Assets": 868811000,
    "Assets_date": "2025-09-30",
    "CurrentAssets": 594066000,
    "CurrentAssets_date": "2025-09-30",
    "Liabilities": 638387000,
    "Liabilities_date": "2025-09-30",
    "CurrentLiabilities": 198930000,
    "CurrentLiabilities_date": "2025-09-30",
    "ShareholdersEquity": 230424000,
    "ShareholdersEquity_date": "2025-09-30",
    "Cash": 190553000,
    "Cash_date": "2025-09-30",
    "MarketableSecurities": 73290000,
    "MarketableSecurities_date": "2025-09-30",
    "AvailableForSaleSecurities": 309502000,
    "AvailableForSaleSecurities_date": "2017-12-31",
    "COGS": 10060000,
    "COGS_date": "2018-09-30",
    "NetIncome": -28800000,
    "NetIncome_date": "2025-09-30",
    "LongTermDebt": 391985000,
    "LongTermDebt_date": "2025-09-30",
    "Revenue": 448998000,
    "Revenue_date": "2025-09-30",
    "CFO": 16892000,
    "CFO_date": "2025-09-30",
    "OperatingExpenses": 385773000,
    "OperatingExpenses_date": "2025-09-30",
    "InterestExpense": 12436000,
    "InterestExpense_date": "2024-03-31",
    "collected_at": "2026-01-27"
  },
  {
    "ticker": "AMGN",
    "cik": "0000318154",
    "Assets": 90141000000,
    "Assets_date": "2025-09-30",
    "CurrentAssets": 27885000000,
    "CurrentAssets_date": "2025-09-30",
    "CurrentLiabilities": 21791000000,
    "CurrentLiabilities_date": "2025-09-30",
    "ShareholdersEquity": 9619000000,
    "ShareholdersEquity_date": "2025-09-30",
    "Cash": 9445000000,
    "Cash_date": "2025-09-30",
    "AvailableForSaleSecurities": 22431000000,
    "AvailableForSaleSecurities_date": "2018-03-31",
    "NetIncome": 6378000000,
    "NetIncome_date": "2025-09-30",
    "LongTermDebt": 54587000000,
    "LongTermDebt_date": "2025-09-30",
    "LongTermDebtCurrent": 2153000000,
    "LongTermDebtCurrent_date": "2025-09-30",
    "Revenue": 26885000000,
    "Revenue_date": "2025-09-30",
    "CFO": 8355000000,
    "CFO_date": "2025-09-30",
    "OperatingExpenses": 20525000000,
    "OperatingExpenses_date": "2025-09-30",
    "InterestExpense": 2102000000,
    "InterestExpense_date": "2025-09-30",
    "collected_at": "2026-01-27"
  },
  {
    "ticker": "GILD",
    "cik": "0000882095",
    "Assets": 58533000000,
    "Assets_date": "2025-09-30",
    "CurrentAssets": 17874000000,
    "CurrentAssets_date": "2025-09-30",
    "CurrentLiabilities": 12298000000,
    "CurrentLiabilities_date": "2025-09-30",
    "ShareholdersEquity": 21540000000,
    "ShareholdersEquity_date": "2025-09-30",
    "Cash": 5412000000,
    "Cash_date": "2022-12-31",
    "MarketableSecurities": 19000000,
    "MarketableSecurities_date": "2025-09-30",
    "AvailableForSaleSecurities": 78804000,
    "AvailableForSaleSecurities_date": "2013-03-31",
    "R&D": 1101000000,
    "R&D_date": "2020-03-31",
    "NetIncome": 6327000000,
    "NetIncome_date": "2025-09-30",
    "LongTermDebt": 24941000000,
    "LongTermDebt_date": "2025-09-30",
    "LongTermDebtCurrent": 2806000000,
    "LongTermDebtCurrent_date": "2025-09-30",
    "ConvertibleDebt": 2790000000,
    "ConvertibleDebt_date": "2012-12-31",
    "Revenue": 21518000000,
    "Revenue_date": "2025-09-30",
    "CFO": 6692000000,
    "CFO_date": "2025-09-30",
    "OperatingExpenses": 13480000000,
    "OperatingExpenses_date": "2025-09-30",
    "InterestExpense": 254000000,
    "InterestExpense_date": "2024-03-31",
    "collected_at": "2026-01-27"
  },
  {
    "ticker": "BIIB",
    "cik": "0000875045",
    "Assets": 29207500000,
    "Assets_date": "2025-09-30",
    "CurrentAssets": 8936600000,
    "CurrentAssets_date": "2025-09-30",
    "Liabilities": 11000000000,
    "Liabilities_date": "2025-09-30",
    "CurrentLiabilities": 3290000000,
    "CurrentLiabilities_date": "2025-09-30",
    "ShareholdersEquity": 14799400000,
    "ShareholdersEquity_date": "2023-12-31",
    "Cash": 2913700000,
    "Cash_date": "2019-12-31",
    "MarketableSecurities": 0,
    "MarketableSecurities_date": "2013-03-31",
    "AvailableForSaleSecurities": 1562200000,
    "AvailableForSaleSecurities_date": "2019-12-31",
    "COGS": 133749000,
    "COGS_date": "2013-03-31",
    "R&D": 284340000,
    "R&D_date": "2013-03-31",
    "NetIncome": 1341800000,
    "NetIncome_date": "2025-09-30",
    "LongTermDebt": 6285100000,
    "LongTermDebt_date": "2025-09-30",
    "Revenue": 7611200000,
    "Revenue_date": "2025-09-30",
    "CFO": 1692700000,
    "CFO_date": "2025-09-30",
    "OperatingExpenses": 5998700000,
    "OperatingExpenses_date": "2025-09-30",
    "InterestExpense": 200000000,
    "InterestExpense_date": "2025-09-30",
    "collected_at": "2026-01-27"
  },
  {
    "ticker": "MRNA",
    "cik": "0001682852",
    "Assets": 12135000000,
    "Assets_date": "2025-09-30",
    "CurrentAssets": 6598000000,
    "CurrentAssets_date": "2025-09-30",
    "Liabilities": 2805000000,
    "Liabilities_date": "2025-09-30",
    "CurrentLiabilities": 1681000000,
    "CurrentLiabilities_date": "2025-09-30",
    "ShareholdersEquity": 9330000000,
    "ShareholdersEquity_date": "2025-09-30",
    "Cash": 1132000000,
    "Cash_date": "2025-09-30",
    "R&D": 2357000000,
    "R&D_date": "2025-09-30",
    "NetIncome": -1996000000,
    "NetIncome_date": "2025-09-30",
    "Revenue": 1266000000,
    "Revenue_date": "2025-09-30",
    "CFO": -2803000000,
    "CFO_date": "2025-09-30",
    "OperatingExpenses": 3483000000,
    "OperatingExpenses_date": "2025-09-30",
    "collected_at": "2026-01-27"
  },
  {
    "ticker": "LGND",
    "cik": "0000886163",
    "Assets": 1476772000,
    "Assets_date": "2025-09-30",
    "CurrentAssets": 753920000,
    "CurrentAssets_date": "2025-09-30",
    "Liabilities": 526601000,
    "Liabilities_date": "2025-09-30",
    "CurrentLiabilities": 30539000,
    "CurrentLiabilities_date": "2025-09-30",
    "ShareholdersEquity": 950171000,
    "ShareholdersEquity_date": "2025-09-30",
    "Cash": 139376000,
    "Cash_date": "2025-09-30",
    "ShortTermInvestments": 525146000,
    "ShortTermInvestments_date": "2025-09-30",
    "R&D": 77671000,
    "R&D_date": "2025-09-30",
    "NetIncome": 79669000,
    "NetIncome_date": "2025-09-30",
    "LongTermDebt": 27500000,
    "LongTermDebt_date": "2012-12-31",
    "Revenue": 208421000,
    "Revenue_date": "2025-09-30",
    "CFO": 3444000,
    "CFO_date": "2025-09-30",
    "OperatingExpenses": 181262000,
    "OperatingExpenses_date": "2025-09-30",
    "InterestExpense": 141000,
    "InterestExpense_date": "2024-03-31",
    "collected_at": "2026-01-27"
  },
  {
    "ticker": "TECH",
    "cik": "0000842023",
    "Assets": 2526148000,
    "Assets_date": "2025-09-30",
    "CurrentAssets": 609507000,
    "CurrentAssets_date": "2025-09-30",
    "CurrentLiabilities": 144545000,
    "CurrentLiabilities_date": "2025-09-30",
    "ShareholdersEquity": 2018025000,
    "ShareholdersEquity_date": "2025-03-31",
    "Cash": 144962000,
    "Cash_date": "2025-09-30",
    "ShortTermInvestments": 0,
    "ShortTermInvestments_date": "2025-03-31",
    "AvailableForSaleSecurities": 32463000,
    "AvailableForSaleSecurities_date": "2021-06-30",
    "NetIncome": 38185000,
    "NetIncome_date": "2025-09-30",
    "LongTermDebtCurrent": 12500000,
    "LongTermDebtCurrent_date": "2022-06-30",
    "Revenue": 286555000,
    "Revenue_date": "2025-09-30",
    "CFO": 27585000,
    "CFO_date": "2025-09-30",
    "OperatingExpenses": 140454000,
    "OperatingExpenses_date": "2025-09-30",
    "InterestExpense": 13227000,
    "InterestExpense_date": "2024-03-31",
    "collected_at": "2026-01-27"
  },
  {
    "ticker": "RGEN",
    "cik": "0000730272",
    "Assets": 2923711000,
    "Assets_date": "2025-09-30",
    "CurrentAssets": 1096485000,
    "CurrentAssets_date": "2025-09-30",
    "Liabilities": 840624000,
    "Liabilities_date": "2025-09-30",
    "CurrentLiabilities": 131136000,
    "CurrentLiabilities_date": "2025-09-30",
    "ShareholdersEquity": 2083087000,
    "ShareholdersEquity_date": "2025-09-30",
    "Cash": 748747000,
    "Cash_date": "2025-09-30",
    "MarketableSecurities": 16270517,
    "MarketableSecurities_date": "2014-06-30",
    "ShortTermInvestments": 0,
    "ShortTermInvestments_date": "2018-12-31",
    "AvailableForSaleSecurities": 0,
    "AvailableForSaleSecurities_date": "2017-09-30",
    "R&D": 41057000,
    "R&D_date": "2025-09-30",
    "NetIncome": 35607000,
    "NetIncome_date": "2025-09-30",
    "LongTermDebt": 537927000,
    "LongTermDebt_date": "2025-09-30",
    "ConvertibleDebt": 240942000,
    "ConvertibleDebt_date": "2020-09-30",
    "Revenue": 44830000,
    "Revenue_date": "2018-03-31",
    "CFO": 91713000,
    "CFO_date": "2025-09-30",
    "OperatingExpenses": 503044000,
    "OperatingExpenses_date": "2025-09-30",
    "InterestExpense": 16860000,
    "InterestExpense_date": "2025-09-30",
    "collected_at": "2026-01-27"
  },
  {
    "ticker": "ROIV",
    "cik": "0001635088",
    "Assets": 5062598000,
    "Assets_date": "2025-09-30",
    "CurrentAssets": 4511646000,
    "CurrentAssets_date": "2025-09-30",
    "Liabilities": 257140000,
    "Liabilities_date": "2025-09-30",
    "CurrentLiabilities": 133857000,
    "CurrentLiabilities_date": "2025-09-30",
    "ShareholdersEquity": 4362331000,
    "ShareholdersEquity_date": "2025-09-30",
    "Cash": 1237010000,
    "Cash_date": "2025-09-30",
    "MarketableSecurities": 3148825000,
    "MarketableSecurities_date": "2025-09-30",
    "R&D": 317487000,
    "R&D_date": "2025-09-30",
    "NetIncome": -336874000,
    "NetIncome_date": "2025-09-30",
    "LongTermDebt": 311716000,
    "LongTermDebt_date": "2024-06-30",
    "LongTermDebtCurrent": 12000000,
    "LongTermDebtCurrent_date": "2024-06-30",
    "Revenue": 3741000,
    "Revenue_date": "2025-09-30",
    "CFO": -390047000,
    "CFO_date": "2025-09-30",
    "OperatingExpenses": 594896000,
    "OperatingExpenses_date": "2025-09-30",
    "InterestExpense": 13399000,
    "InterestExpense_date": "2024-06-30",
    "collected_at": "2026-01-27"
  },
  {
    "ticker": "NTRA",
    "cik": "0001604821",
    "Assets": 1821482000,
    "Assets_date": "2025-09-30",
    "CurrentAssets": 1447323000,
    "CurrentAssets_date": "2025-09-30",
    "Liabilities": 569294000,
    "Liabilities_date": "2025-09-30",
    "CurrentLiabilities": 442016000,
    "CurrentLiabilities_date": "2025-09-30",
    "ShareholdersEquity": 1252188000,
    "ShareholdersEquity_date": "2025-09-30",
    "Cash": 466005000,
    "Cash_date": "2022-12-31",
    "MarketableSecurities": 1000000,
    "MarketableSecurities_date": "2025-09-30",
    "AvailableForSaleSecurities": 186700000,
    "AvailableForSaleSecurities_date": "2019-09-30",
    "R&D": 448917000,
    "R&D_date": "2025-09-30",
    "NetIncome": -255418000,
    "NetIncome_date": "2025-09-30",
    "LongTermDebt": 282945000,
    "LongTermDebt_date": "2023-12-31",
    "Revenue": 1640615000,
    "Revenue_date": "2025-09-30",
    "CFO": 141413000,
    "CFO_date": "2025-09-30",
    "OperatingExpenses": 1927741000,
    "OperatingExpenses_date": "2025-09-30",
    "InterestExpense": 3078000,
    "InterestExpense_date": "2025-09-30",
    "collected_at": "2026-01-27"
  },
  {
    "ticker": "DAWN",
    "cik": "0001845337",
    "Assets": 513780000,
    "Assets_date": "2025-09-30",
    "CurrentAssets": 489971000,
    "CurrentAssets_date": "2025-09-30",
    "Liabilities": 62912000,
    "Liabilities_date": "2025-09-30",
    "CurrentLiabilities": 56466000,
    "CurrentLiabilities_date": "2025-09-30",
    "ShareholdersEquity": 450868000,
    "ShareholdersEquity_date": "2025-09-30",
    "Cash": 43277000,
    "Cash_date": "2025-09-30",
    "ShortTermInvestments": 408303000,
    "ShortTermInvestments_date": "2025-09-30",
    "R&D": 107187000,
    "R&D_date": "2025-09-30",
    "NetIncome": -86044000,
    "NetIncome_date": "2025-09-30",
    "Revenue": 104464000,
    "Revenue_date": "2025-09-30",
    "CFO": -89608000,
    "CFO_date": "2025-09-30",
    "OperatingExpenses": 204756000,
    "OperatingExpenses_date": "2025-09-30",
    "InterestExpense": 19000,
    "InterestExpense_date": "2021-09-30",
    "collected_at": "2026-01-27"
  },
  {
    "ticker": "PCVX",
    "cik": "0001649094",
    "Assets": 3171600000,
    "Assets_date": "2025-09-30",
    "CurrentAssets": 1767167000,
    "CurrentAssets_date": "2025-09-30",
    "Liabilities": 278718000,
    "Liabilities_date": "2025-09-30",
    "CurrentLiabilities": 200046000,
    "CurrentLiabilities_date": "2025-09-30",
    "ShareholdersEquity": 2892882000,
    "ShareholdersEquity_date": "2025-09-30",
    "Cash": 281080000,
    "Cash_date": "2025-09-30",
    "ShortTermInvestments": 1430240000,
    "ShortTermInvestments_date": "2025-09-30",
    "R&D": 552246000,
    "R&D_date": "2025-09-30",
    "NetIncome": -520121000,
    "NetIncome_date": "2025-09-30",
    "CFO": -430745000,
    "CFO_date": "2025-09-30",
    "OperatingExpenses": 649392000,
    "OperatingExpenses_date": "2025-09-30",
    "InterestExpense": 0,
    "InterestExpense_date": "2023-12-31",
    "collected_at": "2026-01-27"
  },
  {
    "ticker": "ARVN",
    "cik": "0001655759",
    "Assets": 844300000,
    "Assets_date": "2025-09-30",
    "CurrentAssets": 826300000,
    "CurrentAssets_date": "2025-09-30",
    "Liabilities": 279900000,
    "Liabilities_date": "2025-09-30",
    "CurrentLiabilities": 144900000,
    "CurrentLiabilities_date": "2025-09-30",
    "ShareholdersEquity": 564400000,
    "ShareholdersEquity_date": "2025-09-30",
    "Cash": 101500000,
    "Cash_date": "2025-09-30",
    "MarketableSecurities": 686100000,
    "MarketableSecurities_date": "2025-09-30",
    "R&D": 224100000,
    "R&D_date": "2025-09-30",
    "NetIncome": -13400000,
    "NetIncome_date": "2025-09-30",
    "LongTermDebt": 600000,
    "LongTermDebt_date": "2025-09-30",
    "LongTermDebtCurrent": 200000,
    "LongTermDebtCurrent_date": "2025-09-30",
    "Revenue": 253100000,
    "Revenue_date": "2025-09-30",
    "CFO": -243400000,
    "CFO_date": "2025-09-30",
    "OperatingExpenses": 297000000,
    "OperatingExpenses_date": "2025-09-30",
    "InterestExpense": 0,
    "InterestExpense_date": "2025-06-30",
    "collected_at": "2026-01-27"
  },
  {
    "ticker": "FATE",
    "cik": "0001434316",
    "Assets": 343671000,
    "Assets_date": "2025-09-30",
    "CurrentAssets": 221251000,
    "CurrentAssets_date": "2025-09-30",
    "CurrentLiabilities": 28111000,
    "CurrentLiabilities_date": "2025-09-30",
    "ShareholdersEquity": 234066000,
    "ShareholdersEquity_date": "2025-09-30",
    "Cash": 40622000,
    "Cash_date": "2025-09-30",
    "ShortTermInvestments": 174801000,
    "ShortTermInvestments_date": "2025-09-30",
    "R&D": 82404000,
    "R&D_date": "2025-09-30",
    "NetIncome": -103941000,
    "NetIncome_date": "2025-09-30",
    "LongTermDebt": 18480000,
    "LongTermDebt_date": "2018-12-31",
    "LongTermDebtCurrent": 13932000,
    "LongTermDebtCurrent_date": "2019-09-30",
    "ConvertibleDebt": 23700000,
    "ConvertibleDebt_date": "2013-09-30",
    "Revenue": 5277000,
    "Revenue_date": "2025-09-30",
    "CFO": -82770000,
    "CFO_date": "2025-09-30",
    "OperatingExpenses": 118260000,
    "OperatingExpenses_date": "2025-09-30",
    "InterestExpense": 0,
    "InterestExpense_date": "2021-12-31",
    "collected_at": "2026-01-27"
  },
  {
    "ticker": "NTLA",
    "cik": "0001652130",
    "Assets": 925275000,
    "Assets_date": "2025-09-30",
    "CurrentAssets": 581941000,
    "CurrentAssets_date": "2025-09-30",
    "Liabilities": 176853000,
    "Liabilities_date": "2025-09-30",
    "CurrentLiabilities": 93726000,
    "CurrentLiabilities_date": "2025-09-30",
    "ShareholdersEquity": 748422000,
    "ShareholdersEquity_date": "2025-09-30",
    "Cash": 193389000,
    "Cash_date": "2025-09-30",
    "MarketableSecurities": 317655000,
    "MarketableSecurities_date": "2025-09-30",
    "R&D": 300209000,
    "R&D_date": "2025-09-30",
    "NetIncome": -316908000,
    "NetIncome_date": "2025-09-30",
    "Revenue": 44654000,
    "Revenue_date": "2025-09-30",
    "CFO": -325451000,
    "CFO_date": "2025-09-30",
    "OperatingExpenses": 386934000,
    "OperatingExpenses_date": "2025-09-30",
    "collected_at": "2026-01-27"
  },
  {
    "ticker": "EDIT",
    "cik": "0001650664",
    "Assets": 201751000,
    "Assets_date": "2025-09-30",
    "CurrentAssets": 176891000,
    "CurrentAssets_date": "2025-09-30",
    "Liabilities": 188298000,
    "Liabilities_date": "2025-09-30",
    "CurrentLiabilities": 61773000,
    "CurrentLiabilities_date": "2025-09-30",
    "ShareholdersEquity": 13453000,
    "ShareholdersEquity_date": "2025-09-30",
    "Cash": 165648000,
    "Cash_date": "2025-09-30",
    "MarketableSecurities": 0,
    "MarketableSecurities_date": "2025-09-30",
    "R&D": 62549000,
    "R&D_date": "2025-09-30",
    "NetIncome": -154440000,
    "NetIncome_date": "2025-09-30",
    "LongTermDebt": 57434000,
    "LongTermDebt_date": "2024-12-31",
    "LongTermDebtCurrent": 5000000,
    "LongTermDebtCurrent_date": "2025-09-30",
    "Revenue": 15779000,
    "Revenue_date": "2025-09-30",
    "CFO": -128854000,
    "CFO_date": "2025-09-30",
    "OperatingExpenses": 168034000,
    "OperatingExpenses_date": "2025-09-30",
    "InterestExpense": 6635000,
    "InterestExpense_date": "2025-09-30",
    "collected_at": "2026-01-27"
  },
  {
    "ticker": "BEAM",
    "cik": "0001745999",
    "Assets": 1311081000,
    "Assets_date": "2025-09-30",
    "CurrentAssets": 1098547000,
    "CurrentAssets_date": "2025-09-30",
    "Liabilities": 345079000,
    "Liabilities_date": "2025-09-30",
    "CurrentLiabilities": 182559000,
    "CurrentLiabilities_date": "2025-09-30",
    "ShareholdersEquity": 966002000,
    "ShareholdersEquity_date": "2025-09-30",
    "Cash": 267960000,
    "Cash_date": "2025-09-30",
    "MarketableSecurities": 807010000,
    "MarketableSecurities_date": "2025-09-30",
    "R&D": 310343000,
    "R&D_date": "2025-09-30",
    "NetIncome": -324289000,
    "NetIncome_date": "2025-09-30",
    "Revenue": 25634000,
    "Revenue_date": "2025-09-30",
    "CFO": -261813000,
    "CFO_date": "2025-09-30",
    "OperatingExpenses": 391882000,
    "OperatingExpenses_date": "2025-09-30",
    "collected_at": "2026-01-27"
  },
  {
    "ticker": "VCYT",
    "cik": "0001384101",
    "Assets": 1367787000,
    "Assets_date": "2025-09-30",
    "CurrentAssets": 449224000,
    "CurrentAssets_date": "2025-09-30",
    "Liabilities": 110120000,
    "Liabilities_date": "2025-09-30",
    "CurrentLiabilities": 72152000,
    "CurrentLiabilities_date": "2025-09-30",
    "ShareholdersEquity": 1257667000,
    "ShareholdersEquity_date": "2025-09-30",
    "Cash": 315573000,
    "Cash_date": "2025-09-30",
    "COGS": 36077000,
    "COGS_date": "2019-12-31",
    "R&D": 49965000,
    "R&D_date": "2025-09-30",
    "NetIncome": 25204000,
    "NetIncome_date": "2025-09-30",
    "LongTermDebtCurrent": 0,
    "LongTermDebtCurrent_date": "2022-12-31",
    "Revenue": 376509000,
    "Revenue_date": "2025-09-30",
    "CFO": 83724000,
    "CFO_date": "2025-09-30",
    "OperatingExpenses": 239977000,
    "OperatingExpenses_date": "2025-09-30",
    "InterestExpense": 116000,
    "InterestExpense_date": "2021-06-30",
    "collected_at": "2026-01-27"
  },
  {
    "ticker": "AXSM",
    "cik": "0001579428",
    "Assets": 669250000,
    "Assets_date": "2025-09-30",
    "CurrentAssets": 565342000,
    "CurrentAssets_date": "2025-09-30",
    "Liabilities": 595523000,
    "Liabilities_date": "2025-09-30",
    "CurrentLiabilities": 360290000,
    "CurrentLiabilities_date": "2025-09-30",
    "ShareholdersEquity": 73727000,
    "ShareholdersEquity_date": "2025-09-30",
    "Cash": 325272000,
    "Cash_date": "2025-09-30",
    "COGS": 5200000,
    "COGS_date": "2022-12-31",
    "R&D": 134488000,
    "R&D_date": "2025-09-30",
    "NetIncome": -154615000,
    "NetIncome_date": "2025-09-30",
    "LongTermDebtCurrent": 70000000,
    "LongTermDebtCurrent_date": "2025-09-30",
    "ConvertibleDebt": 0,
    "ConvertibleDebt_date": "2017-12-31",
    "Revenue": 442497000,
    "Revenue_date": "2025-09-30",
    "CFO": -74752000,
    "CFO_date": "2025-09-30",
    "OperatingExpenses": 582302000,
    "OperatingExpenses_date": "2025-09-30",
    "InterestExpense": -12719000,
    "InterestExpense_date": "2025-09-30",
    "collected_at": "2026-01-27"
  },
  {
    "ticker": "PTGX",
    "cik": "0001377121",
    "Assets": 701688000,
    "Assets_date": "2025-09-30",
    "CurrentAssets": 586424000,
    "CurrentAssets_date": "2025-09-30",
    "Liabilities": 56251000,
    "Liabilities_date": "2025-09-30",
    "CurrentLiabilities": 44942000,
    "CurrentLiabilities_date": "2025-09-30",
    "ShareholdersEquity": 645437000,
    "ShareholdersEquity_date": "2025-09-30",
    "Cash": 113713000,
    "Cash_date": "2025-09-30",
    "MarketableSecurities": 462404000,
    "MarketableSecurities_date": "2025-09-30",
    "AvailableForSaleSecurities": 42469000,
    "AvailableForSaleSecurities_date": "2019-03-31",
    "R&D": 112932000,
    "R&D_date": "2025-09-30",
    "NetIncome": -85765000,
    "NetIncome_date": "2025-09-30",
    "LongTermDebt": 9832000,
    "LongTermDebt_date": "2020-03-31",
    "Revenue": 8781000,
    "Revenue_date": "2017-09-30",
    "CFO": 94646000,
    "CFO_date": "2025-09-30",
    "OperatingExpenses": 146351000,
    "OperatingExpenses_date": "2025-09-30",
    "InterestExpense": 598000,
    "InterestExpense_date": "2020-12-31",
    "collected_at": "2026-01-27"
  },
  {
    "ticker": "CDNA",
    "cik": "0001217234",
    "Assets": 432307000,
    "Assets_date": "2025-09-30",
    "CurrentAssets": 300280000,
    "CurrentAssets_date": "2025-09-30",
    "Liabilities": 121167000,
    "Liabilities_date": "2025-09-30",
    "CurrentLiabilities": 99044000,
    "CurrentLiabilities_date": "2025-09-30",
    "ShareholdersEquity": 311140000,
    "ShareholdersEquity_date": "2025-09-30",
    "Cash": 91435000,
    "Cash_date": "2025-09-30",
    "MarketableSecurities": 102782000,
    "MarketableSecurities_date": "2025-09-30",
    "COGS": 27417000,
    "COGS_date": "2020-06-30",
    "R&D": 52123000,
    "R&D_date": "2025-09-30",
    "NetIncome": -17246000,
    "NetIncome_date": "2025-09-30",
    "LongTermDebt": 0,
    "LongTermDebt_date": "2024-09-30",
    "LongTermDebtCurrent": 0,
    "LongTermDebtCurrent_date": "2020-12-31",
    "Revenue": 271419000,
    "Revenue_date": "2025-09-30",
    "CFO": 20669000,
    "CFO_date": "2025-09-30",
    "OperatingExpenses": 296160000,
    "OperatingExpenses_date": "2025-09-30",
    "InterestExpense": 1351000,
    "InterestExpense_date": "2016-09-30",
    "collected_at": "2026-01-27"
  },
  {
    "ticker": "PRVA",
    "cik": "0001759655",
    "Assets": 1350987000,
    "Assets_date": "2025-09-30",
    "CurrentAssets": 970926000,
    "CurrentAssets_date": "2025-09-30",
    "Liabilities": 588226000,
    "Liabilities_date": "2025-09-30",
    "CurrentLiabilities": 582914000,
    "CurrentLiabilities_date": "2025-09-30",
    "ShareholdersEquity": 709124000,
    "ShareholdersEquity_date": "2025-09-30",
    "Cash": 441352000,
    "Cash_date": "2025-09-30",
    "NetIncome": 13768000,
    "NetIncome_date": "2025-09-30",
    "CFO": 35904000,
    "CFO_date": "2025-09-30",
    "OperatingExpenses": 1558712000,
    "OperatingExpenses_date": "2025-09-30",
    "InterestExpense": 500000,
    "InterestExpense_date": "2022-12-31",
    "collected_at": "2026-01-27"
  },
  {
    "ticker": "AGIO",
    "cik": "0001439222",
    "Assets": 1385705000,
    "Assets_date": "2025-09-30",
    "CurrentAssets": 1033109000,
    "CurrentAssets_date": "2025-09-30",
    "Liabilities": 101375000,
    "Liabilities_date": "2025-09-30",
    "CurrentLiabilities": 74757000,
    "CurrentLiabilities_date": "2025-09-30",
    "ShareholdersEquity": 1284330000,
    "ShareholdersEquity_date": "2025-09-30",
    "Cash": 92710000,
    "Cash_date": "2025-09-30",
    "AvailableForSaleSecurities": 370188000,
    "AvailableForSaleSecurities_date": "2019-09-30",
    "R&D": 251479000,
    "R&D_date": "2025-09-30",
    "NetIncome": -304742000,
    "NetIncome_date": "2025-09-30",
    "Revenue": 34061000,
    "Revenue_date": "2025-09-30",
    "CFO": -276764000,
    "CFO_date": "2025-09-30",
    "OperatingExpenses": 384615000,
    "OperatingExpenses_date": "2025-09-30",
    "collected_at": "2026-01-27"
  },
  {
    "ticker": "ALLO",
    "cik": "0001737287",
    "Assets": 439771000,
    "Assets_date": "2025-09-30",
    "CurrentAssets": 260719000,
    "CurrentAssets_date": "2025-09-30",
    "Liabilities": 124442000,
    "Liabilities_date": "2025-09-30",
    "CurrentLiabilities": 31833000,
    "CurrentLiabilities_date": "2025-09-30",
    "ShareholdersEquity": 315329000,
    "ShareholdersEquity_date": "2025-09-30",
    "Cash": 37815000,
    "Cash_date": "2025-09-30",
    "ShortTermInvestments": 283988000,
    "ShortTermInvestments_date": "2021-12-31",
    "R&D": 121520000,
    "R&D_date": "2025-09-30",
    "NetIncome": -152076000,
    "NetIncome_date": "2025-09-30",
    "Revenue": 0,
    "Revenue_date": "2025-09-30",
    "CFO": -121647000,
    "CFO_date": "2025-09-30",
    "OperatingExpenses": 166911000,
    "OperatingExpenses_date": "2025-09-30",
    "InterestExpense": 0,
    "InterestExpense_date": "2020-12-31",
    "collected_at": "2026-01-27"
  },
  {
    "ticker": "APLS",
    "cik": "0001492422",
    "Assets": 1058723000,
    "Assets_date": "2025-09-30",
    "CurrentAssets": 990676000,
    "CurrentAssets_date": "2025-09-30",
    "Liabilities": 657555000,
    "Liabilities_date": "2025-09-30",
    "CurrentLiabilities": 279527000,
    "CurrentLiabilities_date": "2025-09-30",
    "ShareholdersEquity": 401168000,
    "ShareholdersEquity_date": "2025-09-30",
    "Cash": 479171000,
    "Cash_date": "2025-09-30",
    "MarketableSecurities": 124364000,
    "MarketableSecurities_date": "2022-09-30",
    "R&D": 221621000,
    "R&D_date": "2025-09-30",
    "NetIncome": 81339000,
    "NetIncome_date": "2025-09-30",
    "LongTermDebt": 93109000,
    "LongTermDebt_date": "2024-03-31",
    "LongTermDebtCurrent": 1666667,
    "LongTermDebtCurrent_date": "2018-12-31",
    "Revenue": 803869000,
    "Revenue_date": "2025-09-30",
    "CFO": 59503000,
    "CFO_date": "2025-09-30",
    "OperatingExpenses": 697300000,
    "OperatingExpenses_date": "2025-09-30",
    "InterestExpense": 2687000,
    "InterestExpense_date": "2023-09-30",
    "collected_at": "2026-01-27"
  },
  {
    "ticker": "ARCT",
    "cik": "0001768224",
    "Assets": 282343000,
    "Assets_date": "2025-09-30",
    "CurrentAssets": 249200000,
    "CurrentAssets_date": "2025-09-30",
    "Liabilities": 57784000,
    "Liabilities_date": "2025-09-30",
    "CurrentLiabilities": 31699000,
    "CurrentLiabilities_date": "2025-09-30",
    "ShareholdersEquity": 224559000,
    "ShareholdersEquity_date": "2025-09-30",
    "Cash": 180360000,
    "Cash_date": "2025-09-30",
    "R&D": 87736000,
    "R&D_date": "2025-09-30",
    "NetIncome": -36704000,
    "NetIncome_date": "2025-09-30",
    "LongTermDebt": 13300000,
    "LongTermDebt_date": "2022-09-30",
    "LongTermDebtCurrent": 60655000,
    "LongTermDebtCurrent_date": "2022-12-31",
    "Revenue": 74835000,
    "Revenue_date": "2025-09-30",
    "CFO": -58044000,
    "CFO_date": "2025-09-30",
    "OperatingExpenses": 119788000,
    "OperatingExpenses_date": "2025-09-30",
    "collected_at": "2026-01-27"
  },
  {
    "ticker": "ARWR",
    "cik": "0000879407",
    "Assets": 1385295000,
    "Assets_date": "2025-09-30",
    "CurrentAssets": 950639000,
    "CurrentAssets_date": "2025-09-30",
    "CurrentLiabilities": 195487000,
    "CurrentLiabilities_date": "2025-09-30",
    "ShareholdersEquity": 466052000,
    "ShareholdersEquity_date": "2025-09-30",
    "Cash": 69400000,
    "Cash_date": "2024-06-30",
    "MarketableSecurities": 0,
    "MarketableSecurities_date": "2022-09-30",
    "R&D": 607159000,
    "R&D_date": "2025-09-30",
    "NetIncome": -1631000,
    "NetIncome_date": "2025-09-30",
    "Revenue": 829448000,
    "Revenue_date": "2025-09-30",
    "CFO": 179552000,
    "CFO_date": "2025-09-30",
    "OperatingExpenses": 731102000,
    "OperatingExpenses_date": "2025-09-30",
    "InterestExpense": 12611000,
    "InterestExpense_date": "2024-03-31",
    "collected_at": "2026-01-27"
  },
  {
    "ticker": "AVTR",
    "cik": "0001722482",
    "Assets": 11675900000,
    "Assets_date": "2025-09-30",
    "CurrentAssets": 2257200000,
    "CurrentAssets_date": "2025-09-30",
    "Liabilities": 6105700000,
    "Liabilities_date": "2025-09-30",
    "CurrentLiabilities": 1516500000,
    "CurrentLiabilities_date": "2025-09-30",
    "ShareholdersEquity": 5570200000,
    "ShareholdersEquity_date": "2025-09-30",
    "Cash": 251900000,
    "Cash_date": "2025-09-30",
    "NetIncome": -582600000,
    "NetIncome_date": "2025-09-30",
    "LongTermDebt": 3857900000,
    "LongTermDebt_date": "2025-09-30",
    "LongTermDebtCurrent": 219800000,
    "LongTermDebtCurrent_date": "2025-09-30",
    "Revenue": 4888600000,
    "Revenue_date": "2025-09-30",
    "CFO": 471100000,
    "CFO_date": "2025-09-30",
    "InterestExpense": 129800000,
    "InterestExpense_date": "2025-09-30",
    "collected_at": "2026-01-27"
  },
  {
    "ticker": "BCRX",
    "cik": "0000882796",
    "Assets": 446424000,
    "Assets_date": "2025-09-30",
    "CurrentAssets": 355684000,
    "CurrentAssets_date": "2025-09-30",
    "Liabilities": 834313000,
    "Liabilities_date": "2025-09-30",
    "CurrentLiabilities": 190237000,
    "CurrentLiabilities_date": "2025-09-30",
    "ShareholdersEquity": -387889000,
    "ShareholdersEquity_date": "2025-09-30",
    "Cash": 84078000,
    "Cash_date": "2025-09-30",
    "ShortTermInvestments": 128795000,
    "ShortTermInvestments_date": "2025-09-30",
    "R&D": 125259000,
    "R&D_date": "2025-09-30",
    "NetIncome": 18016000,
    "NetIncome_date": "2025-09-30",
    "LongTermDebt": 298142000,
    "LongTermDebt_date": "2021-12-31",
    "Revenue": 25186000,
    "Revenue_date": "2017-12-31",
    "CFO": 55409000,
    "CFO_date": "2025-09-30",
    "OperatingExpenses": 387678000,
    "OperatingExpenses_date": "2025-09-30",
    "InterestExpense": 49239000,
    "InterestExpense_date": "2024-06-30",
    "collected_at": "2026-01-27"
  },
  {
    "ticker": "BDTX",
    "cik": "0001701541",
    "Assets": 157733000,
    "Assets_date": "2025-09-30",
    "CurrentAssets": 138992000,
    "CurrentAssets_date": "2025-09-30",
    "Liabilities": 31581000,
    "Liabilities_date": "2025-09-30",
    "CurrentLiabilities": 15545000,
    "CurrentLiabilities_date": "2025-09-30",
    "ShareholdersEquity": 126152000,
    "ShareholdersEquity_date": "2025-09-30",
    "Cash": 30864000,
    "Cash_date": "2025-09-30",
    "R&D": 27262000,
    "R&D_date": "2025-09-30",
    "NetIncome": 37483000,
    "NetIncome_date": "2025-09-30",
    "Revenue": 0,
    "Revenue_date": "2020-12-31",
    "CFO": 36401000,
    "CFO_date": "2025-09-30",
    "OperatingExpenses": 39868000,
    "OperatingExpenses_date": "2025-09-30",
    "InterestExpense": 0,
    "InterestExpense_date": "2021-12-31",
    "collected_at": "2026-01-27"
  },
  {
    "ticker": "CRBU",
    "cik": "0001619856",
    "Assets": 194984000,
    "Assets_date": "2025-09-30",
    "CurrentAssets": 155506000,
    "CurrentAssets_date": "2025-09-30",
    "Liabilities": 53139000,
    "Liabilities_date": "2025-09-30",
    "CurrentLiabilities": 28058000,
    "CurrentLiabilities_date": "2025-09-30",
    "ShareholdersEquity": 141845000,
    "ShareholdersEquity_date": "2025-09-30",
    "Cash": 11144000,
    "Cash_date": "2025-09-30",
    "MarketableSecurities": 227778000,
    "MarketableSecurities_date": "2022-06-30",
    "ShortTermInvestments": 0,
    "ShortTermInvestments_date": "2020-12-31",
    "R&D": 85624000,
    "R&D_date": "2025-09-30",
    "NetIncome": -121637000,
    "NetIncome_date": "2025-09-30",
    "Revenue": 7218000,
    "Revenue_date": "2025-09-30",
    "CFO": -90168000,
    "CFO_date": "2025-09-30",
    "OperatingExpenses": 127109000,
    "OperatingExpenses_date": "2025-09-30",
    "InterestExpense": 0,
    "InterestExpense_date": "2022-03-31",
    "collected_at": "2026-01-27"
  },
  {
    "ticker": "CRNX",
    "cik": "0001658247",
    "Assets": 1196031000,
    "Assets_date": "2025-09-30",
    "CurrentAssets": 1121275000,
    "CurrentAssets_date": "2025-09-30",
    "Liabilities": 123862000,
    "Liabilities_date": "2025-09-30",
    "CurrentLiabilities": 74155000,
    "CurrentLiabilities_date": "2025-09-30",
    "ShareholdersEquity": 1072169000,
    "ShareholdersEquity_date": "2025-09-30",
    "Cash": 110901000,
    "Cash_date": "2025-09-30",
    "ShortTermInvestments": 981390000,
    "ShortTermInvestments_date": "2025-09-30",
    "R&D": 247005000,
    "R&D_date": "2025-09-30",
    "NetIncome": -342502000,
    "NetIncome_date": "2025-09-30",
    "Revenue": 1535000,
    "Revenue_date": "2025-09-30",
    "CFO": -285021000,
    "CFO_date": "2025-09-30",
    "OperatingExpenses": 384638000,
    "OperatingExpenses_date": "2025-09-30",
    "InterestExpense": 8000,
    "InterestExpense_date": "2017-12-31",
    "collected_at": "2026-01-27"
  },
  {
    "ticker": "CRVS",
    "cik": "0001626971",
    "Assets": 80474000,
    "Assets_date": "2025-09-30",
    "CurrentAssets": 66944000,
    "CurrentAssets_date": "2025-09-30",
    "Liabilities": 8706000,
    "Liabilities_date": "2025-09-30",
    "CurrentLiabilities": 8074000,
    "CurrentLiabilities_date": "2025-09-30",
    "ShareholdersEquity": 71768000,
    "ShareholdersEquity_date": "2025-09-30",
    "Cash": 2867000,
    "Cash_date": "2025-09-30",
    "R&D": 23780000,
    "R&D_date": "2025-09-30",
    "NetIncome": -2962000,
    "NetIncome_date": "2025-09-30",
    "CFO": -23606000,
    "CFO_date": "2025-09-30",
    "OperatingExpenses": 30754000,
    "OperatingExpenses_date": "2025-09-30",
    "collected_at": "2026-01-27"
  },
  {
    "ticker": "CLDX",
    "cik": "0000744218",
    "Assets": 648439000,
    "Assets_date": "2025-09-30",
    "CurrentAssets": 604339000,
    "CurrentAssets_date": "2025-09-30",
    "Liabilities": 50076000,
    "Liabilities_date": "2025-09-30",
    "CurrentLiabilities": 46465000,
    "CurrentLiabilities_date": "2025-09-30",
    "ShareholdersEquity": 598363000,
    "ShareholdersEquity_date": "2025-09-30",
    "Cash": 36037000,
    "Cash_date": "2025-09-30",
    "MarketableSecurities": 547186000,
    "MarketableSecurities_date": "2025-09-30",
    "R&D": 169741000,
    "R&D_date": "2025-09-30",
    "NetIncome": -177440000,
    "NetIncome_date": "2025-09-30",
    "Revenue": 1424000,
    "Revenue_date": "2025-09-30",
    "CFO": -147005000,
    "CFO_date": "2025-09-30",
    "OperatingExpenses": 201638000,
    "OperatingExpenses_date": "2025-09-30",
    "InterestExpense": 927000,
    "InterestExpense_date": "2013-12-31",
    "collected_at": "2026-01-27"
  },
  {
    "ticker": "CYTK",
    "cik": "0001061983",
    "Assets": 1436557000,
    "Assets_date": "2025-09-30",
    "CurrentAssets": 977349000,
    "CurrentAssets_date": "2025-09-30",
    "Liabilities": 1957680000,
    "Liabilities_date": "2025-09-30",
    "CurrentLiabilities": 142144000,
    "CurrentLiabilities_date": "2025-09-30",
    "ShareholdersEquity": -521123000,
    "ShareholdersEquity_date": "2025-09-30",
    "Cash": 225467000,
    "Cash_date": "2025-09-30",
    "R&D": 311628000,
    "R&D_date": "2025-09-30",
    "NetIncome": -601924000,
    "NetIncome_date": "2025-09-30",
    "LongTermDebt": 1001919000,
    "LongTermDebt_date": "2025-09-30",
    "LongTermDebtCurrent": 17280000,
    "LongTermDebtCurrent_date": "2025-09-30",
    "Revenue": 70284000,
    "Revenue_date": "2025-09-30",
    "CFO": -367358000,
    "CFO_date": "2025-09-30",
    "OperatingExpenses": 504176000,
    "OperatingExpenses_date": "2025-09-30",
    "InterestExpense": 31305000,
    "InterestExpense_date": "2025-09-30",
    "collected_at": "2026-01-27"
  },
  {
    "ticker": "DNLI",
    "cik": "0001714899",
    "Assets": 1055621000,
    "Assets_date": "2025-09-30",
    "CurrentAssets": 882598000,
    "CurrentAssets_date": "2025-09-30",
    "Liabilities": 129424000,
    "Liabilities_date": "2025-09-30",
    "CurrentLiabilities": 90146000,
    "CurrentLiabilities_date": "2025-09-30",
    "ShareholdersEquity": 926197000,
    "ShareholdersEquity_date": "2025-09-30",
    "Cash": 90963000,
    "Cash_date": "2025-09-30",
    "MarketableSecurities": 757241000,
    "MarketableSecurities_date": "2025-09-30",
    "R&D": 320873000,
    "R&D_date": "2025-09-30",
    "NetIncome": -383991000,
    "NetIncome_date": "2025-09-30",
    "Revenue": 0,
    "Revenue_date": "2024-12-31",
    "CFO": -314062000,
    "CFO_date": "2025-09-30",
    "OperatingExpenses": 417977000,
    "OperatingExpenses_date": "2025-09-30",
    "collected_at": "2026-01-27"
  },
  {
    "ticker": "DRMA",
    "cik": "0001853816",
    "Assets": 5071410,
    "Assets_date": "2025-09-30",
    "CurrentAssets": 11623940,
    "CurrentAssets_date": "2021-12-31",
    "Liabilities": 1111308,
    "Liabilities_date": "2025-09-30",
    "CurrentLiabilities": 1516836,
    "CurrentLiabilities_date": "2021-12-31",
    "ShareholdersEquity": 3960102,
    "ShareholdersEquity_date": "2025-09-30",
    "Cash": 4664127,
    "Cash_date": "2025-09-30",
    "R&D": 2403363,
    "R&D_date": "2025-09-30",
    "NetIncome": -5696669,
    "NetIncome_date": "2025-09-30",
    "LongTermDebtCurrent": 0,
    "LongTermDebtCurrent_date": "2021-12-31",
    "CFO": -6428362,
    "CFO_date": "2025-09-30",
    "OperatingExpenses": 5873205,
    "OperatingExpenses_date": "2025-09-30",
    "InterestExpense": 0,
    "InterestExpense_date": "2022-06-30",
    "collected_at": "2026-01-27"
  },
  {
    "ticker": "DVAX",
    "cik": "0001029142",
    "Assets": 946506000,
    "Assets_date": "2025-09-30",
    "CurrentAssets": 814331000,
    "CurrentAssets_date": "2025-09-30",
    "Liabilities": 412368000,
    "Liabilities_date": "2025-09-30",
    "CurrentLiabilities": 106839000,
    "CurrentLiabilities_date": "2025-09-30",
    "ShareholdersEquity": 534138000,
    "ShareholdersEquity_date": "2025-09-30",
    "Cash": 160247000,
    "Cash_date": "2025-09-30",
    "MarketableSecurities": 123629000,
    "MarketableSecurities_date": "2012-09-30",
    "AvailableForSaleSecurities": 110916000,
    "AvailableForSaleSecurities_date": "2014-09-30",
    "R&D": 55112000,
    "R&D_date": "2025-09-30",
    "NetIncome": -50451000,
    "NetIncome_date": "2025-09-30",
    "LongTermDebt": 8913000,
    "LongTermDebt_date": "2015-03-31",
    "LongTermDebtCurrent": 1498000,
    "LongTermDebtCurrent_date": "2015-06-30",
    "ConvertibleDebt": 260507000,
    "ConvertibleDebt_date": "2025-03-31",
    "Revenue": 258482000,
    "Revenue_date": "2025-09-30",
    "CFO": 37621000,
    "CFO_date": "2025-09-30",
    "OperatingExpenses": 246412000,
    "OperatingExpenses_date": "2025-09-30",
    "InterestExpense": 4976000,
    "InterestExpense_date": "2025-09-30",
    "collected_at": "2026-01-27"
  },
  {
    "ticker": "FGEN",
    "cik": "0000921299",
    "Assets": 137014000,
    "Assets_date": "2025-09-30",
    "CurrentAssets": 133423000,
    "CurrentAssets_date": "2025-09-30",
    "Liabilities": 119529000,
    "Liabilities_date": "2025-09-30",
    "CurrentLiabilities": 35973000,
    "CurrentLiabilities_date": "2025-09-30",
    "ShareholdersEquity": -17028000,
    "ShareholdersEquity_date": "2025-09-30",
    "Cash": 117975000,
    "Cash_date": "2025-09-30",
    "ShortTermInvestments": 0,
    "ShortTermInvestments_date": "2024-12-31",
    "COGS": 278000,
    "COGS_date": "2025-09-30",
    "R&D": 16249000,
    "R&D_date": "2025-09-30",
    "NetIncome": 197672000,
    "NetIncome_date": "2025-09-30",
    "LongTermDebt": 75000000,
    "LongTermDebt_date": "2025-08-29",
    "Revenue": 5163000,
    "Revenue_date": "2025-09-30",
    "CFO": 13554000,
    "CFO_date": "2025-09-30",
    "OperatingExpenses": 37546000,
    "OperatingExpenses_date": "2025-09-30",
    "InterestExpense": 6346000,
    "InterestExpense_date": "2025-09-30",
    "collected_at": "2026-01-27"
  },
  {
    "ticker": "FULC",
    "cik": "0001680581",
    "Assets": 214858000,
    "Assets_date": "2025-09-30",
    "CurrentAssets": 205863000,
    "CurrentAssets_date": "2025-09-30",
    "Liabilities": 16492000,
    "Liabilities_date": "2025-09-30",
    "CurrentLiabilities": 11632000,
    "CurrentLiabilities_date": "2025-09-30",
    "ShareholdersEquity": 198366000,
    "ShareholdersEquity_date": "2025-09-30",
    "Cash": 47078000,
    "Cash_date": "2025-09-30",
    "MarketableSecurities": 0,
    "MarketableSecurities_date": "2019-12-31",
    "R&D": 40687000,
    "R&D_date": "2025-09-30",
    "NetIncome": -54546000,
    "NetIncome_date": "2025-09-30",
    "Revenue": 7800000,
    "Revenue_date": "2021-09-30",
    "CFO": -43267000,
    "CFO_date": "2025-09-30",
    "OperatingExpenses": 62076000,
    "OperatingExpenses_date": "2025-09-30",
    "collected_at": "2026-01-27"
  },
  {
    "ticker": "HALO",
    "cik": "0001159036",
    "Assets": 2221232000,
    "Assets_date": "2025-09-30",
    "CurrentAssets": 1328749000,
    "CurrentAssets_date": "2025-09-30",
    "Liabilities": 1717317000,
    "Liabilities_date": "2025-09-30",
    "CurrentLiabilities": 837228000,
    "CurrentLiabilities_date": "2025-09-30",
    "ShareholdersEquity": 503915000,
    "ShareholdersEquity_date": "2025-09-30",
    "Cash": 419665000,
    "Cash_date": "2025-09-30",
    "AvailableForSaleSecurities": 263363000,
    "AvailableForSaleSecurities_date": "2020-03-31",
    "R&D": 49593000,
    "R&D_date": "2025-09-30",
    "NetIncome": 458480000,
    "NetIncome_date": "2025-09-30",
    "LongTermDebt": 1510757000,
    "LongTermDebt_date": "2025-09-30",
    "LongTermDebtCurrent": 710685000,
    "LongTermDebtCurrent_date": "2025-09-30",
    "ConvertibleDebt": 1506100000,
    "ConvertibleDebt_date": "2022-12-31",
    "Revenue": 944844000,
    "Revenue_date": "2025-09-30",
    "CFO": 432529000,
    "CFO_date": "2025-09-30",
    "OperatingExpenses": 382947000,
    "OperatingExpenses_date": "2025-09-30",
    "InterestExpense": 4507000,
    "InterestExpense_date": "2024-03-31",
    "collected_at": "2026-01-27"
  },
  {
    "ticker": "HRTX",
    "cik": "0000818033",
    "Assets": 248950000,
    "Assets_date": "2025-09-30",
    "CurrentAssets": 229400000,
    "CurrentAssets_date": "2025-09-30",
    "Liabilities": 234065000,
    "Liabilities_date": "2025-09-30",
    "CurrentLiabilities": 89708000,
    "CurrentLiabilities_date": "2025-09-30",
    "ShareholdersEquity": 14885000,
    "ShareholdersEquity_date": "2025-09-30",
    "Cash": 43068000,
    "Cash_date": "2025-09-30",
    "AvailableForSaleSecurities": 222967000,
    "AvailableForSaleSecurities_date": "2019-06-30",
    "R&D": 8683000,
    "R&D_date": "2025-09-30",
    "NetIncome": -17241000,
    "NetIncome_date": "2025-09-30",
    "ConvertibleDebt": 64000,
    "ConvertibleDebt_date": "2011-09-30",
    "Revenue": 30767000,
    "Revenue_date": "2017-12-31",
    "CFO": -18407000,
    "CFO_date": "2025-09-30",
    "OperatingExpenses": 86664000,
    "OperatingExpenses_date": "2025-09-30",
    "InterestExpense": 3868000,
    "InterestExpense_date": "2023-12-31",
    "collected_at": "2026-01-27"
  },
  {
    "ticker": "IMCR",
    "cik": "0001671927",
    "Assets": 1102500000,
    "Assets_date": "2025-09-30",
    "CurrentAssets": 1022848000,
    "CurrentAssets_date": "2025-09-30",
    "Liabilities": 705936000,
    "Liabilities_date": "2025-09-30",
    "CurrentLiabilities": 170353000,
    "CurrentLiabilities_date": "2025-09-30",
    "ShareholdersEquity": 396564000,
    "ShareholdersEquity_date": "2025-09-30",
    "Cash": 498413000,
    "Cash_date": "2025-09-30",
    "MarketableSecurities": 393940000,
    "MarketableSecurities_date": "2025-09-30",
    "COGS": 2384000,
    "COGS_date": "2025-09-30",
    "R&D": 196048000,
    "R&D_date": "2025-09-30",
    "NetIncome": -5454000,
    "NetIncome_date": "2025-09-30",
    "LongTermDebt": 438695000,
    "LongTermDebt_date": "2024-09-30",
    "Revenue": 295538000,
    "Revenue_date": "2025-09-30",
    "CFO": 21943000,
    "CFO_date": "2025-09-30",
    "InterestExpense": 9113000,
    "InterestExpense_date": "2025-09-30",
    "collected_at": "2026-01-27"
  },
  {
    "ticker": "IMVT",
    "cik": "0001764013",
    "Assets": 582959000,
    "Assets_date": "2025-09-30",
    "CurrentAssets": 573546000,
    "CurrentAssets_date": "2025-09-30",
    "Liabilities": 63254000,
    "Liabilities_date": "2025-09-30",
    "CurrentLiabilities": 63254000,
    "CurrentLiabilities_date": "2025-09-30",
    "ShareholdersEquity": 519705000,
    "ShareholdersEquity_date": "2025-09-30",
    "Cash": 521870000,
    "Cash_date": "2025-09-30",
    "R&D": 66168000,
    "R&D_date": "2022-09-30",
    "NetIncome": -247115000,
    "NetIncome_date": "2025-09-30",
    "CFO": -219926000,
    "CFO_date": "2025-09-30",
    "OperatingExpenses": 258986000,
    "OperatingExpenses_date": "2025-09-30",
    "InterestExpense": 0,
    "InterestExpense_date": "2021-03-31",
    "collected_at": "2026-01-27"
  },
  {
    "ticker": "IRWD",
    "cik": "0001446847",
    "Assets": 396062000,
    "Assets_date": "2025-09-30",
    "CurrentAssets": 273843000,
    "CurrentAssets_date": "2025-09-30",
    "CurrentLiabilities": 242503000,
    "CurrentLiabilities_date": "2025-09-30",
    "ShareholdersEquity": -264157000,
    "ShareholdersEquity_date": "2025-09-30",
    "Cash": 140407000,
    "Cash_date": "2025-09-30",
    "AvailableForSaleSecurities": 95680000,
    "AvailableForSaleSecurities_date": "2017-12-31",
    "COGS": 19097000,
    "COGS_date": "2017-12-31",
    "R&D": 73273000,
    "R&D_date": "2025-09-30",
    "NetIncome": 26293000,
    "NetIncome_date": "2025-09-30",
    "LongTermDebt": 199506000,
    "LongTermDebt_date": "2025-09-30",
    "LongTermDebtCurrent": 120700000,
    "LongTermDebtCurrent_date": "2022-03-31",
    "ConvertibleDebt": 234243000,
    "ConvertibleDebt_date": "2016-12-31",
    "Revenue": 248442000,
    "Revenue_date": "2025-09-30",
    "CFO": 52469000,
    "CFO_date": "2025-09-30",
    "OperatingExpenses": 156745000,
    "OperatingExpenses_date": "2025-09-30",
    "InterestExpense": 7231000,
    "InterestExpense_date": "2024-03-31",
    "collected_at": "2026-01-27"
  },
  {
    "ticker": "KALA",
    "cik": "0001479419",
    "Assets": 25021000,
    "Assets_date": "2025-09-30",
    "CurrentAssets": 24274000,
    "CurrentAssets_date": "2025-09-30",
    "Liabilities": 33686000,
    "Liabilities_date": "2025-09-30",
    "CurrentLiabilities": 32574000,
    "CurrentLiabilities_date": "2025-09-30",
    "ShareholdersEquity": -8665000,
    "ShareholdersEquity_date": "2025-09-30",
    "Cash": 21096000,
    "Cash_date": "2025-09-30",
    "ShortTermInvestments": 9922000,
    "ShortTermInvestments_date": "2023-06-30",
    "R&D": 18414000,
    "R&D_date": "2025-09-30",
    "NetIncome": -27666000,
    "NetIncome_date": "2025-09-30",
    "LongTermDebt": 26948000,
    "LongTermDebt_date": "2025-09-30",
    "LongTermDebtCurrent": 28411000,
    "LongTermDebtCurrent_date": "2025-09-30",
    "Revenue": 0,
    "Revenue_date": "2017-12-31",
    "CFO": -27435000,
    "CFO_date": "2025-09-30",
    "OperatingExpenses": 28936000,
    "OperatingExpenses_date": "2025-09-30",
    "InterestExpense": 1455000,
    "InterestExpense_date": "2024-03-31",
    "collected_at": "2026-01-27"
  },
  {
    "ticker": "KALV",
    "cik": "0001348911",
    "Assets": 339931000,
    "Assets_date": "2025-09-30",
    "CurrentAssets": 325226000,
    "CurrentAssets_date": "2025-09-30",
    "Liabilities": 322932000,
    "Liabilities_date": "2025-09-30",
    "CurrentLiabilities": 45069000,
    "CurrentLiabilities_date": "2025-09-30",
    "ShareholdersEquity": 16999000,
    "ShareholdersEquity_date": "2025-09-30",
    "Cash": 243497000,
    "Cash_date": "2025-09-30",
    "R&D": 41207000,
    "R&D_date": "2025-09-30",
    "NetIncome": -158914000,
    "NetIncome_date": "2025-09-30",
    "LongTermDebt": 5331000,
    "LongTermDebt_date": "2015-03-31",
    "Revenue": 13692000,
    "Revenue_date": "2025-09-30",
    "CFO": -126985000,
    "CFO_date": "2025-09-30",
    "OperatingExpenses": 168436000,
    "OperatingExpenses_date": "2025-09-30",
    "InterestExpense": 493000,
    "InterestExpense_date": "2016-09-30",
    "collected_at": "2026-01-27"
  },
  {
    "ticker": "KRYS",
    "cik": "0001711279",
    "Assets": 1240094000,
    "Assets_date": "2025-09-30",
    "CurrentAssets": 925650000,
    "CurrentAssets_date": "2025-09-30",
    "Liabilities": 102218000,
    "Liabilities_date": "2025-09-30",
    "CurrentLiabilities": 91268000,
    "CurrentLiabilities_date": "2025-09-30",
    "ShareholdersEquity": 1137876000,
    "ShareholdersEquity_date": "2025-09-30",
    "Cash": 392604000,
    "Cash_date": "2025-09-30",
    "AvailableForSaleSecurities": 8402000,
    "AvailableForSaleSecurities_date": "2019-09-30",
    "R&D": 43251000,
    "R&D_date": "2025-09-30",
    "NetIncome": 153431000,
    "NetIncome_date": "2025-09-30",
    "LongTermDebt": 4254000,
    "LongTermDebt_date": "2017-08-08",
    "ConvertibleDebt": 0,
    "ConvertibleDebt_date": "2017-12-31",
    "Revenue": 282025000,
    "Revenue_date": "2025-09-30",
    "CFO": 123357000,
    "CFO_date": "2025-09-30",
    "OperatingExpenses": 165000000,
    "OperatingExpenses_date": "2025-09-30",
    "InterestExpense": 0,
    "InterestExpense_date": "2023-12-31",
    "collected_at": "2026-01-27"
  },
  {
    "ticker": "LQDA",
    "cik": "0001819576",
    "Assets": 275981000,
    "Assets_date": "2025-09-30",
    "CurrentAssets": 226719000,
    "CurrentAssets_date": "2025-09-30",
    "Liabilities": 253929000,
    "Liabilities_date": "2025-09-30",
    "CurrentLiabilities": 102942000,
    "CurrentLiabilities_date": "2025-09-30",
    "ShareholdersEquity": 22052000,
    "ShareholdersEquity_date": "2025-09-30",
    "Cash": 157496000,
    "Cash_date": "2025-09-30",
    "R&D": 22333000,
    "R&D_date": "2025-09-30",
    "NetIncome": -83479000,
    "NetIncome_date": "2025-09-30",
    "LongTermDebt": 19879000,
    "LongTermDebt_date": "2022-12-31",
    "LongTermDebtCurrent": 0,
    "LongTermDebtCurrent_date": "2020-12-31",
    "Revenue": 66299000,
    "Revenue_date": "2025-09-30",
    "CFO": -79930000,
    "CFO_date": "2025-09-30",
    "OperatingExpenses": 137462000,
    "OperatingExpenses_date": "2025-09-30",
    "InterestExpense": 8120000,
    "InterestExpense_date": "2024-09-30",
    "collected_at": "2026-01-27"
  },
  {
    "ticker": "MCRB",
    "cik": "0001609809",
    "Assets": 143473000,
    "Assets_date": "2025-09-30",
    "CurrentAssets": 51527000,
    "CurrentAssets_date": "2025-09-30",
    "Liabilities": 99776000,
    "Liabilities_date": "2025-09-30",
    "CurrentLiabilities": 22429000,
    "CurrentLiabilities_date": "2025-09-30",
    "ShareholdersEquity": 43697000,
    "ShareholdersEquity_date": "2025-09-30",
    "Cash": 47638000,
    "Cash_date": "2025-09-30",
    "ShortTermInvestments": 0,
    "ShortTermInvestments_date": "2023-12-31",
    "R&D": 37376000,
    "R&D_date": "2025-09-30",
    "NetIncome": 21031000,
    "NetIncome_date": "2025-09-30",
    "LongTermDebt": 110000000,
    "LongTermDebt_date": "2024-06-30",
    "Revenue": 351000,
    "Revenue_date": "2025-09-30",
    "CFO": 15827000,
    "CFO_date": "2025-09-30",
    "OperatingExpenses": 74945000,
    "OperatingExpenses_date": "2025-09-30",
    "InterestExpense": 0,
    "InterestExpense_date": "2025-06-30",
    "collected_at": "2026-01-27"
  },
  {
    "ticker": "MDGL",
    "cik": "0001157601",
    "Assets": 1362457000,
    "Assets_date": "2025-09-30",
    "CurrentAssets": 1346680000,
    "CurrentAssets_date": "2025-09-30",
    "Liabilities": 736725000,
    "Liabilities_date": "2025-09-30",
    "CurrentLiabilities": 391406000,
    "CurrentLiabilities_date": "2025-09-30",
    "ShareholdersEquity": 625732000,
    "ShareholdersEquity_date": "2025-09-30",
    "Cash": 295694000,
    "Cash_date": "2025-09-30",
    "AvailableForSaleSecurities": 144700000,
    "AvailableForSaleSecurities_date": "2018-03-31",
    "NetIncome": -229709000,
    "NetIncome_date": "2025-09-30",
    "LongTermDebt": 339753000,
    "LongTermDebt_date": "2025-09-30",
    "Revenue": 637320000,
    "Revenue_date": "2025-09-30",
    "CFO": -56093000,
    "CFO_date": "2025-09-30",
    "OperatingExpenses": 877808000,
    "OperatingExpenses_date": "2025-09-30",
    "InterestExpense": 3297000,
    "InterestExpense_date": "2025-03-31",
    "collected_at": "2026-01-27"
  },
  {
    "ticker": "MRSN",
    "cik": "0001442836",
    "Assets": 62686000,
    "Assets_date": "2025-09-30",
    "CurrentAssets": 59988000,
    "CurrentAssets_date": "2025-09-30",
    "Liabilities": 122223000,
    "Liabilities_date": "2025-09-30",
    "CurrentLiabilities": 43269000,
    "CurrentLiabilities_date": "2025-09-30",
    "ShareholdersEquity": -59537000,
    "ShareholdersEquity_date": "2025-09-30",
    "Cash": 56391000,
    "Cash_date": "2025-09-30",
    "AvailableForSaleSecurities": 88143000,
    "AvailableForSaleSecurities_date": "2017-12-31",
    "R&D": 46741000,
    "R&D_date": "2025-09-30",
    "NetIncome": -55964000,
    "NetIncome_date": "2025-09-30",
    "LongTermDebt": 20098000,
    "LongTermDebt_date": "2024-03-31",
    "LongTermDebtCurrent": 0,
    "LongTermDebtCurrent_date": "2025-09-30",
    "Revenue": 16819000,
    "Revenue_date": "2025-09-30",
    "CFO": -55120000,
    "CFO_date": "2025-09-30",
    "OperatingExpenses": 73515000,
    "OperatingExpenses_date": "2025-09-30",
    "InterestExpense": 1002000,
    "InterestExpense_date": "2024-03-31",
    "collected_at": "2026-01-27"
  },
  {
    "ticker": "MRVI",
    "cik": "0001823239",
    "Assets": 849191000,
    "Assets_date": "2025-09-30",
    "CurrentAssets": 325867000,
    "CurrentAssets_date": "2025-09-30",
    "Liabilities": 417332000,
    "Liabilities_date": "2025-09-30",
    "CurrentLiabilities": 61574000,
    "CurrentLiabilities_date": "2025-09-30",
    "ShareholdersEquity": 245443000,
    "ShareholdersEquity_date": "2025-09-30",
    "Cash": 243574000,
    "Cash_date": "2025-09-30",
    "COGS": 114729000,
    "COGS_date": "2025-09-30",
    "R&D": 13614000,
    "R&D_date": "2025-09-30",
    "NetIncome": -95092000,
    "NetIncome_date": "2025-09-30",
    "LongTermDebt": 292821000,
    "LongTermDebt_date": "2025-09-30",
    "LongTermDebtCurrent": 5440000,
    "LongTermDebtCurrent_date": "2025-09-30",
    "Revenue": 135877000,
    "Revenue_date": "2025-09-30",
    "CFO": -34805000,
    "CFO_date": "2025-09-30",
    "OperatingExpenses": 177619000,
    "OperatingExpenses_date": "2025-09-30",
    "InterestExpense": 36437000,
    "InterestExpense_date": "2024-09-30",
    "collected_at": "2026-01-27"
  },
  {
    "ticker": "NVCR",
    "cik": "0001645113",
    "Assets": 1361194000,
    "Assets_date": "2025-09-30",
    "CurrentAssets": 1199854000,
    "CurrentAssets_date": "2025-09-30",
    "Liabilities": 1019861000,
    "Liabilities_date": "2025-09-30",
    "CurrentLiabilities": 776006000,
    "CurrentLiabilities_date": "2025-09-30",
    "ShareholdersEquity": 341333000,
    "ShareholdersEquity_date": "2025-09-30",
    "Cash": 342119000,
    "Cash_date": "2025-09-30",
    "COGS": 124722000,
    "COGS_date": "2025-09-30",
    "R&D": 163639000,
    "R&D_date": "2025-09-30",
    "NetIncome": -111728000,
    "NetIncome_date": "2025-09-30",
    "LongTermDebt": 568822000,
    "LongTermDebt_date": "2023-12-31",
    "Revenue": 481003000,
    "Revenue_date": "2025-09-30",
    "CFO": -31027000,
    "CFO_date": "2025-09-30",
    "OperatingExpenses": 469688000,
    "OperatingExpenses_date": "2025-09-30",
    "InterestExpense": 11663000,
    "InterestExpense_date": "2024-12-31",
    "collected_at": "2026-01-27"
  },
  {
    "ticker": "NVAX",
    "cik": "0001000694",
    "Assets": 1179889000,
    "Assets_date": "2025-09-30",
    "CurrentAssets": 974590000,
    "CurrentAssets_date": "2025-09-30",
    "Liabilities": 1336561000,
    "Liabilities_date": "2025-09-30",
    "CurrentLiabilities": 429869000,
    "CurrentLiabilities_date": "2025-09-30",
    "ShareholdersEquity": -156672000,
    "ShareholdersEquity_date": "2025-09-30",
    "Cash": 268023000,
    "Cash_date": "2025-09-30",
    "MarketableSecurities": 494871000,
    "MarketableSecurities_date": "2025-09-30",
    "AvailableForSaleSecurities": 143617000,
    "AvailableForSaleSecurities_date": "2014-09-30",
    "COGS": 50936000,
    "COGS_date": "2025-09-30",
    "R&D": 266444000,
    "R&D_date": "2025-09-30",
    "NetIncome": 422775000,
    "NetIncome_date": "2025-09-30",
    "ConvertibleDebt": 169684000,
    "ConvertibleDebt_date": "2024-12-31",
    "Revenue": 976340000,
    "Revenue_date": "2025-09-30",
    "CFO": -205160000,
    "CFO_date": "2025-09-30",
    "OperatingExpenses": 537775000,
    "OperatingExpenses_date": "2025-09-30",
    "InterestExpense": 8224000,
    "InterestExpense_date": "2025-09-30",
    "collected_at": "2026-01-27"
  },
  {
    "ticker": "OCGN",
    "cik": "0001372299",
    "Assets": 57596000,
    "Assets_date": "2025-09-30",
    "CurrentAssets": 37639000,
    "CurrentAssets_date": "2025-09-30",
    "Liabilities": 54063000,
    "Liabilities_date": "2025-09-30",
    "CurrentLiabilities": 20361000,
    "CurrentLiabilities_date": "2025-09-30",
    "ShareholdersEquity": 3533000,
    "ShareholdersEquity_date": "2025-09-30",
    "Cash": 37800000,
    "Cash_date": "2025-03-31",
    "R&D": 29081000,
    "R&D_date": "2025-09-30",
    "NetIncome": -50140000,
    "NetIncome_date": "2025-09-30",
    "LongTermDebt": 1712000,
    "LongTermDebt_date": "2021-12-31",
    "LongTermDebtCurrent": 0,
    "LongTermDebtCurrent_date": "2025-09-30",
    "Revenue": 4606000,
    "Revenue_date": "2025-09-30",
    "CFO": -43003000,
    "CFO_date": "2025-09-30",
    "OperatingExpenses": 50527000,
    "OperatingExpenses_date": "2025-09-30",
    "InterestExpense": 1300000,
    "InterestExpense_date": "2025-09-30",
    "collected_at": "2026-01-27"
  },
  {
    "ticker": "OPCH",
    "cik": "0001014739",
    "Assets": 3479845000,
    "Assets_date": "2025-09-30",
    "CurrentAssets": 1282766000,
    "CurrentAssets_date": "2025-09-30",
    "Liabilities": 2121186000,
    "Liabilities_date": "2025-09-30",
    "CurrentLiabilities": 823906000,
    "CurrentLiabilities_date": "2025-09-30",
    "ShareholdersEquity": 1358659000,
    "ShareholdersEquity_date": "2025-09-30",
    "Cash": 309822000,
    "Cash_date": "2025-09-30",
    "COGS": 3446735000,
    "COGS_date": "2024-12-31",
    "NetIncome": 149081000,
    "NetIncome_date": "2025-09-30",
    "LongTermDebt": 1161836000,
    "LongTermDebt_date": "2025-09-30",
    "LongTermDebtCurrent": 6780000,
    "LongTermDebtCurrent_date": "2025-09-30",
    "Revenue": 4184073000,
    "Revenue_date": "2025-09-30",
    "CFO": 222556000,
    "CFO_date": "2025-09-30",
    "OperatingExpenses": 558592000,
    "OperatingExpenses_date": "2025-09-30",
    "InterestExpense": 27678000,
    "InterestExpense_date": "2025-06-30",
    "collected_at": "2026-01-27"
  },
  {
    "ticker": "PCRX",
    "cik": "0001396814",
    "Assets": 1297577000,
    "Assets_date": "2025-09-30",
    "CurrentAssets": 562751000,
    "CurrentAssets_date": "2025-09-30",
    "Liabilities": 570363000,
    "Liabilities_date": "2025-09-30",
    "CurrentLiabilities": 107078000,
    "CurrentLiabilities_date": "2025-09-30",
    "ShareholdersEquity": 727214000,
    "ShareholdersEquity_date": "2025-09-30",
    "Cash": 147589000,
    "Cash_date": "2025-09-30",
    "ShortTermInvestments": 98745000,
    "ShortTermInvestments_date": "2025-09-30",
    "COGS": 109450000,
    "COGS_date": "2025-09-30",
    "R&D": 79859000,
    "R&D_date": "2025-09-30",
    "NetIncome": 5397000,
    "NetIncome_date": "2025-09-30",
    "LongTermDebt": 376721000,
    "LongTermDebt_date": "2025-09-30",
    "LongTermDebtCurrent": 118531000,
    "LongTermDebtCurrent_date": "2016-12-31",
    "Revenue": 529538000,
    "Revenue_date": "2025-09-30",
    "CFO": 108305000,
    "CFO_date": "2025-09-30",
    "OperatingExpenses": 512687000,
    "OperatingExpenses_date": "2025-09-30",
    "InterestExpense": 13554000,
    "InterestExpense_date": "2025-09-30",
    "collected_at": "2026-01-27"
  },
  {
    "ticker": "PGEN",
    "cik": "0001356090",
    "Assets": 171264000,
    "Assets_date": "2025-09-30",
    "CurrentAssets": 129597000,
    "CurrentAssets_date": "2025-09-30",
    "Liabilities": 129396000,
    "Liabilities_date": "2025-09-30",
    "CurrentLiabilities": 32069000,
    "CurrentLiabilities_date": "2025-09-30",
    "ShareholdersEquity": 41868000,
    "ShareholdersEquity_date": "2025-09-30",
    "Cash": 14322000,
    "Cash_date": "2025-09-30",
    "ShortTermInvestments": 106813000,
    "ShortTermInvestments_date": "2025-09-30",
    "R&D": 99060000,
    "R&D_date": "2019-09-30",
    "NetIncome": -227139000,
    "NetIncome_date": "2025-09-30",
    "LongTermDebt": 92890000,
    "LongTermDebt_date": "2025-09-30",
    "LongTermDebtCurrent": 43219000,
    "LongTermDebtCurrent_date": "2022-12-31",
    "Revenue": 3618000,
    "Revenue_date": "2023-06-30",
    "CFO": -64371000,
    "CFO_date": "2025-09-30",
    "OperatingExpenses": 227093000,
    "OperatingExpenses_date": "2019-09-30",
    "InterestExpense": 13140000,
    "InterestExpense_date": "2019-09-30",
    "collected_at": "2026-01-27"
  },
  {
    "ticker": "PRTA",
    "cik": "0001559053",
    "Assets": 352628000,
    "Assets_date": "2025-09-30",
    "CurrentAssets": 339974000,
    "CurrentAssets_date": "2025-09-30",
    "Liabilities": 57639000,
    "Liabilities_date": "2025-09-30",
    "CurrentLiabilities": 51436000,
    "CurrentLiabilities_date": "2025-09-30",
    "ShareholdersEquity": 294989000,
    "ShareholdersEquity_date": "2025-09-30",
    "Cash": 330843000,
    "Cash_date": "2025-09-30",
    "R&D": 120266000,
    "R&D_date": "2025-09-30",
    "NetIncome": -222503000,
    "NetIncome_date": "2025-09-30",
    "Revenue": 9663000,
    "Revenue_date": "2025-09-30",
    "CFO": -140268000,
    "CFO_date": "2025-09-30",
    "OperatingExpenses": 200100000,
    "OperatingExpenses_date": "2025-09-30",
    "collected_at": "2026-01-27"
  },
  {
    "ticker": "PTCT",
    "cik": "0001070081",
    "Assets": 2643700000,
    "Assets_date": "2025-09-30",
    "CurrentAssets": 2007803000,
    "CurrentAssets_date": "2025-09-30",
    "Liabilities": 2799458000,
    "Liabilities_date": "2025-09-30",
    "CurrentLiabilities": 866245000,
    "CurrentLiabilities_date": "2025-09-30",
    "ShareholdersEquity": -155758000,
    "ShareholdersEquity_date": "2025-09-30",
    "Cash": 672617000,
    "Cash_date": "2025-09-30",
    "MarketableSecurities": 1015200000,
    "MarketableSecurities_date": "2025-09-30",
    "R&D": 322121000,
    "R&D_date": "2025-09-30",
    "NetIncome": 817609000,
    "NetIncome_date": "2025-09-30",
    "LongTermDebt": 93198000,
    "LongTermDebt_date": "2015-09-30",
    "LongTermDebtCurrent": 286319000,
    "LongTermDebtCurrent_date": "2025-09-30",
    "Revenue": 1565978000,
    "Revenue_date": "2025-09-30",
    "CFO": 745469000,
    "CFO_date": "2025-09-30",
    "OperatingExpenses": 627694000,
    "OperatingExpenses_date": "2025-09-30",
    "collected_at": "2026-01-27"
  },
  {
    "ticker": "RVMD",
    "cik": "0001628171",
    "Assets": 2251920000,
    "Assets_date": "2025-09-30",
    "CurrentAssets": 1977489000,
    "CurrentAssets_date": "2025-09-30",
    "Liabilities": 655016000,
    "Liabilities_date": "2025-09-30",
    "CurrentLiabilities": 245622000,
    "CurrentLiabilities_date": "2025-09-30",
    "ShareholdersEquity": 1596904000,
    "ShareholdersEquity_date": "2025-09-30",
    "Cash": 217442000,
    "Cash_date": "2025-09-30",
    "MarketableSecurities": 1714066000,
    "MarketableSecurities_date": "2025-09-30",
    "R&D": 692389000,
    "R&D_date": "2025-09-30",
    "NetIncome": -766409000,
    "NetIncome_date": "2025-09-30",
    "Revenue": 0,
    "Revenue_date": "2024-12-31",
    "CFO": -623503000,
    "CFO_date": "2025-09-30",
    "OperatingExpenses": 820743000,
    "OperatingExpenses_date": "2025-09-30",
    "InterestExpense": 0,
    "InterestExpense_date": "2022-12-31",
    "collected_at": "2026-01-27"
  },
  {
    "ticker": "RXRX",
    "cik": "0001601830",
    "Assets": 1399526000,
    "Assets_date": "2025-09-30",
    "CurrentAssets": 714105000,
    "CurrentAssets_date": "2025-09-30",
    "Liabilities": 352578000,
    "Liabilities_date": "2025-09-30",
    "CurrentLiabilities": 155103000,
    "CurrentLiabilities_date": "2025-09-30",
    "ShareholdersEquity": 1046948000,
    "ShareholdersEquity_date": "2025-09-30",
    "Cash": 659836000,
    "Cash_date": "2025-09-30",
    "ShortTermInvestments": 0,
    "ShortTermInvestments_date": "2022-12-31",
    "R&D": 379331000,
    "R&D_date": "2025-09-30",
    "NetIncome": -536637000,
    "NetIncome_date": "2025-09-30",
    "LongTermDebt": 723000,
    "LongTermDebt_date": "2021-12-31",
    "Revenue": 39143000,
    "Revenue_date": "2025-09-30",
    "CFO": -325735000,
    "CFO_date": "2025-09-30",
    "OperatingExpenses": 578941000,
    "OperatingExpenses_date": "2025-09-30",
    "InterestExpense": 20000,
    "InterestExpense_date": "2024-03-31",
    "collected_at": "2026-01-27"
  },
  {
    "ticker": "RGNX",
    "cik": "0001590877",
    "Assets": 525203000,
    "Assets_date": "2025-09-30",
    "CurrentAssets": 331967000,
    "CurrentAssets_date": "2025-09-30",
    "Liabilities": 363751000,
    "Liabilities_date": "2025-09-30",
    "CurrentLiabilities": 124568000,
    "CurrentLiabilities_date": "2025-09-30",
    "ShareholdersEquity": 161452000,
    "ShareholdersEquity_date": "2025-09-30",
    "Cash": 58802000,
    "Cash_date": "2025-09-30",
    "MarketableSecurities": 215403000,
    "MarketableSecurities_date": "2025-09-30",
    "R&D": 168688000,
    "R&D_date": "2025-09-30",
    "NetIncome": -126729000,
    "NetIncome_date": "2025-09-30",
    "Revenue": 140104000,
    "Revenue_date": "2025-09-30",
    "CFO": -71673000,
    "CFO_date": "2025-09-30",
    "OperatingExpenses": 243666000,
    "OperatingExpenses_date": "2025-09-30",
    "InterestExpense": 2422000,
    "InterestExpense_date": "2024-06-30",
    "collected_at": "2026-01-27"
  },
  {
    "ticker": "SANA",
    "cik": "0001770121",
    "Assets": 435432000,
    "Assets_date": "2025-09-30",
    "CurrentAssets": 161759000,
    "CurrentAssets_date": "2025-09-30",
    "Liabilities": 240124000,
    "Liabilities_date": "2025-09-30",
    "CurrentLiabilities": 35513000,
    "CurrentLiabilities_date": "2025-09-30",
    "ShareholdersEquity": 195308000,
    "ShareholdersEquity_date": "2025-09-30",
    "Cash": 103357000,
    "Cash_date": "2025-09-30",
    "MarketableSecurities": 49697000,
    "MarketableSecurities_date": "2025-09-30",
    "R&D": 97056000,
    "R&D_date": "2025-09-30",
    "NetIncome": -185341000,
    "NetIncome_date": "2025-09-30",
    "CFO": -111187000,
    "CFO_date": "2025-09-30",
    "OperatingExpenses": 189120000,
    "OperatingExpenses_date": "2025-09-30",
    "collected_at": "2026-01-27"
  },
  {
    "ticker": "SGMO",
    "cik": "0001001233",
    "Assets": 88643000,
    "Assets_date": "2025-09-30",
    "CurrentAssets": 44076000,
    "CurrentAssets_date": "2025-09-30",
    "Liabilities": 82400000,
    "Liabilities_date": "2025-09-30",
    "CurrentLiabilities": 50125000,
    "CurrentLiabilities_date": "2025-09-30",
    "ShareholdersEquity": 6243000,
    "ShareholdersEquity_date": "2025-09-30",
    "Cash": 29616000,
    "Cash_date": "2025-09-30",
    "MarketableSecurities": 94386000,
    "MarketableSecurities_date": "2014-06-30",
    "AvailableForSaleSecurities": 198818000,
    "AvailableForSaleSecurities_date": "2018-03-31",
    "R&D": 81232000,
    "R&D_date": "2025-09-30",
    "NetIncome": -85513000,
    "NetIncome_date": "2025-09-30",
    "Revenue": 25324000,
    "Revenue_date": "2025-09-30",
    "CFO": -72805000,
    "CFO_date": "2025-09-30",
    "OperatingExpenses": 108360000,
    "OperatingExpenses_date": "2025-09-30",
    "collected_at": "2026-01-27"
  },
  {
    "ticker": "SNDX",
    "cik": "0001395937",
    "Assets": 551792000,
    "Assets_date": "2025-09-30",
    "CurrentAssets": 529830000,
    "CurrentAssets_date": "2025-09-30",
    "Liabilities": 436362000,
    "Liabilities_date": "2025-09-30",
    "CurrentLiabilities": 114187000,
    "CurrentLiabilities_date": "2025-09-30",
    "ShareholdersEquity": 115430000,
    "ShareholdersEquity_date": "2025-09-30",
    "Cash": 116808000,
    "Cash_date": "2025-09-30",
    "ShortTermInvestments": 319171000,
    "ShortTermInvestments_date": "2025-09-30",
    "R&D": 180143000,
    "R&D_date": "2025-09-30",
    "NetIncome": -217408000,
    "NetIncome_date": "2025-09-30",
    "LongTermDebtCurrent": 327075000,
    "LongTermDebtCurrent_date": "2025-09-30",
    "Revenue": 103624000,
    "Revenue_date": "2025-09-30",
    "CFO": -253492000,
    "CFO_date": "2025-09-30",
    "OperatingExpenses": 314160000,
    "OperatingExpenses_date": "2025-09-30",
    "InterestExpense": 100000,
    "InterestExpense_date": "2024-06-30",
    "collected_at": "2026-01-27"
  },
  {
    "ticker": "SPRY",
    "cik": "0001671858",
    "Assets": 372803000,
    "Assets_date": "2025-09-30",
    "CurrentAssets": 338863000,
    "CurrentAssets_date": "2025-09-30",
    "Liabilities": 225148000,
    "Liabilities_date": "2025-09-30",
    "CurrentLiabilities": 50877000,
    "CurrentLiabilities_date": "2025-09-30",
    "ShareholdersEquity": 147655000,
    "ShareholdersEquity_date": "2025-09-30",
    "Cash": 59557000,
    "Cash_date": "2025-09-30",
    "ShortTermInvestments": 228652000,
    "ShortTermInvestments_date": "2025-09-30",
    "R&D": 9738000,
    "R&D_date": "2025-09-30",
    "NetIncome": -129974000,
    "NetIncome_date": "2025-09-30",
    "LongTermDebt": 96229000,
    "LongTermDebt_date": "2025-09-30",
    "Revenue": 56191000,
    "Revenue_date": "2025-09-30",
    "CFO": -127381000,
    "CFO_date": "2025-09-30",
    "OperatingExpenses": 194174000,
    "OperatingExpenses_date": "2025-09-30",
    "collected_at": "2026-01-27"
  },
  {
    "ticker": "TARS",
    "cik": "0001819790",
    "Assets": 534561000,
    "Assets_date": "2025-09-30",
    "CurrentAssets": 501704000,
    "CurrentAssets_date": "2025-09-30",
    "Liabilities": 199479000,
    "Liabilities_date": "2025-09-30",
    "CurrentLiabilities": 117050000,
    "CurrentLiabilities_date": "2025-09-30",
    "ShareholdersEquity": 335082000,
    "ShareholdersEquity_date": "2025-09-30",
    "Cash": 112724000,
    "Cash_date": "2025-09-30",
    "MarketableSecurities": 289113000,
    "MarketableSecurities_date": "2025-09-30",
    "R&D": 46287000,
    "R&D_date": "2025-09-30",
    "NetIncome": -58045000,
    "NetIncome_date": "2025-09-30",
    "LongTermDebt": 72281000,
    "LongTermDebt_date": "2025-09-30",
    "Revenue": 299692000,
    "Revenue_date": "2025-09-30",
    "CFO": -31781000,
    "CFO_date": "2025-09-30",
    "OperatingExpenses": 362685000,
    "OperatingExpenses_date": "2025-09-30",
    "InterestExpense": 6721000,
    "InterestExpense_date": "2025-09-30",
    "collected_at": "2026-01-27"
  },
  {
    "ticker": "TBPH",
    "cik": "0001583107",
    "Assets": 415460000,
    "Assets_date": "2025-09-30",
    "CurrentAssets": 354697000,
    "CurrentAssets_date": "2025-09-30",
    "CurrentLiabilities": 37407000,
    "CurrentLiabilities_date": "2025-09-30",
    "ShareholdersEquity": 232681000,
    "ShareholdersEquity_date": "2025-09-30",
    "Cash": 174773000,
    "Cash_date": "2025-09-30",
    "R&D": 30054000,
    "R&D_date": "2025-09-30",
    "NetIncome": 44871000,
    "NetIncome_date": "2025-09-30",
    "LongTermDebt": 0,
    "LongTermDebt_date": "2023-12-31",
    "Revenue": 61573000,
    "Revenue_date": "2025-09-30",
    "CFO": 244605000,
    "CFO_date": "2025-09-30",
    "OperatingExpenses": 85186000,
    "OperatingExpenses_date": "2025-09-30",
    "InterestExpense": 629000,
    "InterestExpense_date": "2024-03-31",
    "collected_at": "2026-01-27"
  },
  {
    "ticker": "TGTX",
    "cik": "0001001316",
    "Assets": 1025024000,
    "Assets_date": "2025-09-30",
    "CurrentAssets": 599765000,
    "CurrentAssets_date": "2025-09-30",
    "Liabilities": 417806000,
    "Liabilities_date": "2025-09-30",
    "CurrentLiabilities": 156810000,
    "CurrentLiabilities_date": "2025-09-30",
    "ShareholdersEquity": 607218000,
    "ShareholdersEquity_date": "2025-09-30",
    "Cash": 74081000,
    "Cash_date": "2025-09-30",
    "ShortTermInvestments": 57501000,
    "ShortTermInvestments_date": "2025-09-30",
    "COGS": 139000,
    "COGS_date": "2021-03-31",
    "R&D": 119022000,
    "R&D_date": "2025-09-30",
    "NetIncome": 424142000,
    "NetIncome_date": "2025-09-30",
    "LongTermDebt": 100403000,
    "LongTermDebt_date": "2023-12-31",
    "LongTermDebtCurrent": 0,
    "LongTermDebtCurrent_date": "2023-09-30",
    "ConvertibleDebt": 4380400,
    "ConvertibleDebt_date": "2012-09-30",
    "Revenue": 423713000,
    "Revenue_date": "2025-09-30",
    "CFO": -44432000,
    "CFO_date": "2025-09-30",
    "OperatingExpenses": 350883000,
    "OperatingExpenses_date": "2025-09-30",
    "InterestExpense": 2288000,
    "InterestExpense_date": "2024-03-31",
    "collected_at": "2026-01-27"
  },
  {
    "ticker": "AARD",
    "cik": "0001774857",
    "Assets": 133229000,
    "Assets_date": "2025-09-30",
    "CurrentAssets": 129207000,
    "CurrentAssets_date": "2025-09-30",
    "Liabilities": 10852000,
    "Liabilities_date": "2025-09-30",
    "CurrentLiabilities": 10736000,
    "CurrentLiabilities_date": "2025-09-30",
    "ShareholdersEquity": 122377000,
    "ShareholdersEquity_date": "2025-09-30",
    "Cash": 39285000,
    "Cash_date": "2025-09-30",
    "ShortTermInvestments": 87065000,
    "ShortTermInvestments_date": "2025-09-30",
    "R&D": 34637000,
    "R&D_date": "2025-09-30",
    "NetIncome": -39993000,
    "NetIncome_date": "2025-09-30",
    "CFO": -37362000,
    "CFO_date": "2025-09-30",
    "OperatingExpenses": 44021000,
    "OperatingExpenses_date": "2025-09-30",
    "collected_at": "2026-01-27"
  },
  {
    "ticker": "ABCL",
    "cik": "0001703057",
    "Assets": 1355992000,
    "Assets_date": "2025-09-30",
    "CurrentAssets": 695140000,
    "CurrentAssets_date": "2025-09-30",
    "Liabilities": 391954000,
    "Liabilities_date": "2025-09-30",
    "CurrentLiabilities": 68804000,
    "CurrentLiabilities_date": "2025-09-30",
    "ShareholdersEquity": 964038000,
    "ShareholdersEquity_date": "2025-09-30",
    "Cash": 83159000,
    "Cash_date": "2025-09-30",
    "R&D": 136736000,
    "R&D_date": "2025-09-30",
    "NetIncome": -137467000,
    "NetIncome_date": "2025-09-30",
    "LongTermDebtCurrent": 190000,
    "LongTermDebtCurrent_date": "2020-12-31",
    "Revenue": 30275000,
    "Revenue_date": "2025-09-30",
    "CFO": -96552000,
    "CFO_date": "2025-09-30",
    "OperatingExpenses": 218796000,
    "OperatingExpenses_date": "2025-09-30",
    "collected_at": "2026-01-27"
  },
  {
    "ticker": "ABSI",
    "cik": "0001672688",
    "Assets": 244992000,
    "Assets_date": "2025-09-30",
    "CurrentAssets": 174994000,
    "CurrentAssets_date": "2025-09-30",
    "Liabilities": 34652000,
    "Liabilities_date": "2025-09-30",
    "CurrentLiabilities": 29708000,
    "CurrentLiabilities_date": "2025-09-30",
    "ShareholdersEquity": 210340000,
    "ShareholdersEquity_date": "2025-09-30",
    "Cash": 9476000,
    "Cash_date": "2025-09-30",
    "MarketableSecurities": 142999000,
    "MarketableSecurities_date": "2025-09-30",
    "R&D": 56071000,
    "R&D_date": "2025-09-30",
    "NetIncome": -85621000,
    "NetIncome_date": "2025-09-30",
    "LongTermDebt": 3990000,
    "LongTermDebt_date": "2024-12-31",
    "Revenue": 4534000,
    "Revenue_date": "2024-12-31",
    "CFO": -63743000,
    "CFO_date": "2025-09-30",
    "OperatingExpenses": 91426000,
    "OperatingExpenses_date": "2025-09-30",
    "InterestExpense": 176000,
    "InterestExpense_date": "2024-03-31",
    "collected_at": "2026-01-27"
  },
  {
    "ticker": "ABUS",
    "cik": "0001447028",
    "Assets": 97710000,
    "Assets_date": "2025-09-30",
    "CurrentAssets": 97442000,
    "CurrentAssets_date": "2025-09-30",
    "Liabilities": 20311000,
    "Liabilities_date": "2025-09-30",
    "CurrentLiabilities": 5184000,
    "CurrentLiabilities_date": "2025-09-30",
    "ShareholdersEquity": 77399000,
    "ShareholdersEquity_date": "2025-09-30",
    "Cash": 22408000,
    "Cash_date": "2025-09-30",
    "ShortTermInvestments": 86293000,
    "ShortTermInvestments_date": "2024-12-31",
    "R&D": 20235000,
    "R&D_date": "2025-09-30",
    "NetIncome": -29745000,
    "NetIncome_date": "2025-09-30",
    "LongTermDebt": 0,
    "LongTermDebt_date": "2025-09-30",
    "Revenue": 13032000,
    "Revenue_date": "2025-09-30",
    "CFO": -34957000,
    "CFO_date": "2025-09-30",
    "OperatingExpenses": 45902000,
    "OperatingExpenses_date": "2025-09-30",
    "InterestExpense": 78000,
    "InterestExpense_date": "2024-06-30",
    "collected_at": "2026-01-27"
  },
  {
    "ticker": "ACLX",
    "cik": "0001786205",
    "Assets": 655918000,
    "Assets_date": "2025-09-30",
    "CurrentAssets": 472081000,
    "CurrentAssets_date": "2025-09-30",
    "Liabilities": 215141000,
    "Liabilities_date": "2025-09-30",
    "CurrentLiabilities": 118392000,
    "CurrentLiabilities_date": "2025-09-30",
    "ShareholdersEquity": 440777000,
    "ShareholdersEquity_date": "2025-09-30",
    "Cash": 79005000,
    "Cash_date": "2025-09-30",
    "MarketableSecurities": 382378000,
    "MarketableSecurities_date": "2025-09-30",
    "R&D": 123516000,
    "R&D_date": "2025-09-30",
    "NetIncome": -170822000,
    "NetIncome_date": "2025-09-30",
    "Revenue": 20632000,
    "Revenue_date": "2025-09-30",
    "CFO": -152083000,
    "CFO_date": "2025-09-30",
    "OperatingExpenses": 210032000,
    "OperatingExpenses_date": "2025-09-30",
    "InterestExpense": 595000,
    "InterestExpense_date": "2022-09-30",
    "collected_at": "2026-01-27"
  },
  {
    "ticker": "ACRS",
    "cik": "0001557746",
    "Assets": 175534000,
    "Assets_date": "2025-09-30",
    "CurrentAssets": 100592000,
    "CurrentAssets_date": "2025-09-30",
    "Liabilities": 55434000,
    "Liabilities_date": "2025-09-30",
    "CurrentLiabilities": 25631000,
    "CurrentLiabilities_date": "2025-09-30",
    "ShareholdersEquity": 120100000,
    "ShareholdersEquity_date": "2025-09-30",
    "Cash": 25256000,
    "Cash_date": "2025-09-30",
    "COGS": 1559000,
    "COGS_date": "2025-09-30",
    "R&D": 36061000,
    "R&D_date": "2025-09-30",
    "NetIncome": -45128000,
    "NetIncome_date": "2025-09-30",
    "LongTermDebt": 10731000,
    "LongTermDebt_date": "2021-06-30",
    "Revenue": 6531000,
    "Revenue_date": "2025-09-30",
    "CFO": -33982000,
    "CFO_date": "2025-09-30",
    "OperatingExpenses": 60172000,
    "OperatingExpenses_date": "2025-09-30",
    "collected_at": "2026-01-27"
  },
  {
    "ticker": "ADCT",
    "cik": "0001771910",
    "Assets": 289758000,
    "Assets_date": "2025-09-30",
    "CurrentAssets": 287149000,
    "CurrentAssets_date": "2025-09-30",
    "Liabilities": 527941000,
    "Liabilities_date": "2025-09-30",
    "CurrentLiabilities": 62044000,
    "CurrentLiabilities_date": "2025-09-30",
    "ShareholdersEquity": -238183000,
    "ShareholdersEquity_date": "2025-09-30",
    "Cash": 234738000,
    "Cash_date": "2025-09-30",
    "COGS": 5949000,
    "COGS_date": "2024-12-31",
    "R&D": 85821000,
    "R&D_date": "2025-09-30",
    "NetIncome": -136214000,
    "NetIncome_date": "2025-09-30",
    "Revenue": 51239000,
    "Revenue_date": "2025-09-30",
    "CFO": -110051000,
    "CFO_date": "2025-09-30",
    "OperatingExpenses": 161879000,
    "OperatingExpenses_date": "2025-09-30",
    "InterestExpense": 12230000,
    "InterestExpense_date": "2025-03-31",
    "collected_at": "2026-01-27"
  },
  {
    "ticker": "ADMA",
    "cik": "0001368514",
    "Assets": 568687000,
    "Assets_date": "2025-09-30",
    "CurrentAssets": 402655000,
    "CurrentAssets_date": "2025-09-30",
    "Liabilities": 137501000,
    "Liabilities_date": "2025-09-30",
    "CurrentLiabilities": 56490000,
    "CurrentLiabilities_date": "2025-09-30",
    "ShareholdersEquity": 431186000,
    "ShareholdersEquity_date": "2025-09-30",
    "Cash": 61385000,
    "Cash_date": "2025-09-30",
    "ShortTermInvestments": 0,
    "ShortTermInvestments_date": "2017-12-31",
    "COGS": 167061000,
    "COGS_date": "2025-09-30",
    "R&D": 3386000,
    "R&D_date": "2025-09-30",
    "NetIncome": 97551000,
    "NetIncome_date": "2025-09-30",
    "LongTermDebt": 72428000,
    "LongTermDebt_date": "2025-09-30",
    "LongTermDebtCurrent": 2344000,
    "LongTermDebtCurrent_date": "2025-09-30",
    "ConvertibleDebt": 200000,
    "ConvertibleDebt_date": "2012-09-30",
    "Revenue": 371010000,
    "Revenue_date": "2025-09-30",
    "CFO": 14757000,
    "CFO_date": "2025-09-30",
    "OperatingExpenses": 75257000,
    "OperatingExpenses_date": "2025-09-30",
    "InterestExpense": 3769000,
    "InterestExpense_date": "2024-03-31",
    "collected_at": "2026-01-27"
  },
  {
    "ticker": "ADPT",
    "cik": "0001478320",
    "Assets": 490610000,
    "Assets_date": "2025-09-30",
    "CurrentAssets": 281435000,
    "CurrentAssets_date": "2025-09-30",
    "Liabilities": 286357000,
    "Liabilities_date": "2025-09-30",
    "CurrentLiabilities": 83361000,
    "CurrentLiabilities_date": "2025-09-30",
    "ShareholdersEquity": 204435000,
    "ShareholdersEquity_date": "2025-09-30",
    "Cash": 55034000,
    "Cash_date": "2025-09-30",
    "R&D": 72006000,
    "R&D_date": "2025-09-30",
    "NetIncome": -45920000,
    "NetIncome_date": "2025-09-30",
    "LongTermDebtCurrent": 2429000,
    "LongTermDebtCurrent_date": "2025-09-30",
    "Revenue": 205295000,
    "Revenue_date": "2025-09-30",
    "CFO": -48041000,
    "CFO_date": "2025-09-30",
    "OperatingExpenses": 249645000,
    "OperatingExpenses_date": "2025-09-30",
    "InterestExpense": 8824000,
    "InterestExpense_date": "2025-09-30",
    "collected_at": "2026-01-27"
  },
  {
    "ticker": "ALKS",
    "cik": "0001520262",
    "Assets": 2329512000,
    "Assets_date": "2025-09-30",
    "CurrentAssets": 1741664000,
    "CurrentAssets_date": "2025-09-30",
    "Liabilities": 596080000,
    "Liabilities_date": "2025-09-30",
    "CurrentLiabilities": 474360000,
    "CurrentLiabilities_date": "2025-09-30",
    "ShareholdersEquity": 1733432000,
    "ShareholdersEquity_date": "2025-09-30",
    "Cash": 616449000,
    "Cash_date": "2025-09-30",
    "ShortTermInvestments": 198767000,
    "ShortTermInvestments_date": "2021-12-31",
    "R&D": 230926000,
    "R&D_date": "2025-09-30",
    "NetIncome": 192323000,
    "NetIncome_date": "2025-09-30",
    "LongTermDebt": 283666000,
    "LongTermDebt_date": "2016-12-31",
    "LongTermDebtCurrent": 3000000,
    "LongTermDebtCurrent_date": "2024-09-30",
    "Revenue": 1091352000,
    "Revenue_date": "2025-09-30",
    "CFO": 350685000,
    "CFO_date": "2025-09-30",
    "OperatingExpenses": 895500000,
    "OperatingExpenses_date": "2025-09-30",
    "InterestExpense": 11930000,
    "InterestExpense_date": "2024-06-30",
    "collected_at": "2026-01-27"
  },
  {
    "ticker": "ALMS",
    "cik": "0001847367",
    "Assets": 488014000,
    "Assets_date": "2025-09-30",
    "CurrentAssets": 393290000,
    "CurrentAssets_date": "2025-09-30",
    "Liabilities": 103241000,
    "Liabilities_date": "2025-09-30",
    "CurrentLiabilities": 65416000,
    "CurrentLiabilities_date": "2025-09-30",
    "ShareholdersEquity": 384773000,
    "ShareholdersEquity_date": "2025-09-30",
    "Cash": 65257000,
    "Cash_date": "2025-09-30",
    "MarketableSecurities": 312467000,
    "MarketableSecurities_date": "2025-09-30",
    "R&D": 303213000,
    "R&D_date": "2025-09-30",
    "NetIncome": -150394000,
    "NetIncome_date": "2025-09-30",
    "Revenue": 22121000,
    "Revenue_date": "2025-09-30",
    "CFO": -297616000,
    "CFO_date": "2025-09-30",
    "OperatingExpenses": 379480000,
    "OperatingExpenses_date": "2025-09-30",
    "collected_at": "2026-01-27"
  },
  {
    "ticker": "ALT",
    "cik": "0001326190",
    "Assets": 218447000,
    "Assets_date": "2025-09-30",
    "CurrentAssets": 216615000,
    "CurrentAssets_date": "2025-09-30",
    "Liabilities": 32846000,
    "Liabilities_date": "2025-09-30",
    "CurrentLiabilities": 12606000,
    "CurrentLiabilities_date": "2025-09-30",
    "ShareholdersEquity": 185601000,
    "ShareholdersEquity_date": "2025-09-30",
    "Cash": 61236000,
    "Cash_date": "2025-09-30",
    "ShortTermInvestments": 149540000,
    "ShortTermInvestments_date": "2025-09-30",
    "R&D": 48023000,
    "R&D_date": "2025-09-30",
    "NetIncome": -60735000,
    "NetIncome_date": "2025-09-30",
    "LongTermDebt": 568321,
    "LongTermDebt_date": "2019-06-30",
    "LongTermDebtCurrent": 0,
    "LongTermDebtCurrent_date": "2015-12-31",
    "Revenue": 15000,
    "Revenue_date": "2025-09-30",
    "CFO": -48087000,
    "CFO_date": "2025-09-30",
    "OperatingExpenses": 65611000,
    "OperatingExpenses_date": "2025-09-30",
    "InterestExpense": 1000,
    "InterestExpense_date": "2024-03-31",
    "collected_at": "2026-01-27"
  },
  {
    "ticker": "AMLX",
    "cik": "0001658551",
    "Assets": 362741000,
    "Assets_date": "2025-09-30",
    "CurrentAssets": 353383000,
    "CurrentAssets_date": "2025-09-30",
    "Liabilities": 30745000,
    "Liabilities_date": "2025-09-30",
    "CurrentLiabilities": 25791000,
    "CurrentLiabilities_date": "2025-09-30",
    "ShareholdersEquity": 331996000,
    "ShareholdersEquity_date": "2025-09-30",
    "Cash": 225178000,
    "Cash_date": "2025-09-30",
    "MarketableSecurities": 118812000,
    "MarketableSecurities_date": "2025-09-30",
    "ShortTermInvestments": 234813000,
    "ShortTermInvestments_date": "2024-06-30",
    "R&D": 69191000,
    "R&D_date": "2025-09-30",
    "NetIncome": -111736000,
    "NetIncome_date": "2025-09-30",
    "Revenue": 0,
    "Revenue_date": "2025-09-30",
    "CFO": -95440000,
    "CFO_date": "2025-09-30",
    "OperatingExpenses": 116686000,
    "OperatingExpenses_date": "2025-09-30",
    "collected_at": "2026-01-27"
  },
  {
    "ticker": "ANAB",
    "cik": "0001370053",
    "Assets": 353098000,
    "Assets_date": "2025-09-30",
    "CurrentAssets": 330650000,
    "CurrentAssets_date": "2025-09-30",
    "CurrentLiabilities": 38104000,
    "CurrentLiabilities_date": "2025-09-30",
    "ShareholdersEquity": -29416000,
    "ShareholdersEquity_date": "2025-09-30",
    "Cash": 109833000,
    "Cash_date": "2025-09-30",
    "R&D": 110411000,
    "R&D_date": "2025-09-30",
    "NetIncome": -62846000,
    "NetIncome_date": "2025-09-30",
    "Revenue": 126354000,
    "Revenue_date": "2025-09-30",
    "CFO": -78300000,
    "CFO_date": "2025-09-30",
    "OperatingExpenses": 145359000,
    "OperatingExpenses_date": "2025-09-30",
    "InterestExpense": 0,
    "InterestExpense_date": "2021-12-31",
    "collected_at": "2026-01-27"
  },
  {
    "ticker": "ANNX",
    "cik": "0001528115",
    "Assets": 229142000,
    "Assets_date": "2025-09-30",
    "CurrentAssets": 192822000,
    "CurrentAssets_date": "2025-09-30",
    "Liabilities": 67700000,
    "Liabilities_date": "2025-09-30",
    "CurrentLiabilities": 43580000,
    "CurrentLiabilities_date": "2025-09-30",
    "ShareholdersEquity": 161442000,
    "ShareholdersEquity_date": "2025-09-30",
    "Cash": 139419000,
    "Cash_date": "2025-09-30",
    "R&D": 142039000,
    "R&D_date": "2025-09-30",
    "NetIncome": -158434000,
    "NetIncome_date": "2025-09-30",
    "CFO": -140430000,
    "CFO_date": "2025-09-30",
    "OperatingExpenses": 166149000,
    "OperatingExpenses_date": "2025-09-30",
    "collected_at": "2026-01-27"
  },
  {
    "ticker": "ANRO",
    "cik": "0001999480",
    "Assets": 147006000,
    "Assets_date": "2025-09-30",
    "CurrentAssets": 139448000,
    "CurrentAssets_date": "2025-09-30",
    "Liabilities": 35449000,
    "Liabilities_date": "2025-09-30",
    "CurrentLiabilities": 9045000,
    "CurrentLiabilities_date": "2025-09-30",
    "ShareholdersEquity": 111557000,
    "ShareholdersEquity_date": "2025-09-30",
    "Cash": 137816000,
    "Cash_date": "2025-09-30",
    "R&D": 33623000,
    "R&D_date": "2025-09-30",
    "NetIncome": -47056000,
    "NetIncome_date": "2025-09-30",
    "LongTermDebt": 10254000,
    "LongTermDebt_date": "2024-12-31",
    "LongTermDebtCurrent": 0,
    "LongTermDebtCurrent_date": "2024-12-31",
    "CFO": -40253000,
    "CFO_date": "2025-09-30",
    "OperatingExpenses": 49309000,
    "OperatingExpenses_date": "2025-09-30",
    "collected_at": "2026-01-27"
  },
  {
    "ticker": "APGE",
    "cik": "0001974640",
    "Assets": 626159000,
    "Assets_date": "2025-09-30",
    "CurrentAssets": 540097000,
    "CurrentAssets_date": "2025-09-30",
    "Liabilities": 39821000,
    "Liabilities_date": "2025-09-30",
    "CurrentLiabilities": 34047000,
    "CurrentLiabilities_date": "2025-09-30",
    "Cash": 107914000,
    "Cash_date": "2025-09-30",
    "MarketableSecurities": 419375000,
    "MarketableSecurities_date": "2025-09-30",
    "R&D": 156268000,
    "R&D_date": "2025-09-30",
    "NetIncome": -186456000,
    "NetIncome_date": "2025-09-30",
    "CFO": -164761000,
    "CFO_date": "2025-09-30",
    "OperatingExpenses": 207539000,
    "OperatingExpenses_date": "2025-09-30",
    "collected_at": "2026-01-27"
  },
  {
    "ticker": "ARQT",
    "cik": "0001787306",
    "Assets": 370977000,
    "Assets_date": "2025-09-30",
    "CurrentAssets": 349224000,
    "CurrentAssets_date": "2025-09-30",
    "Liabilities": 212904000,
    "Liabilities_date": "2025-09-30",
    "CurrentLiabilities": 99770000,
    "CurrentLiabilities_date": "2025-09-30",
    "ShareholdersEquity": 158073000,
    "ShareholdersEquity_date": "2025-09-30",
    "Cash": 47120000,
    "Cash_date": "2025-09-30",
    "R&D": 56600000,
    "R&D_date": "2025-09-30",
    "NetIncome": -33536000,
    "NetIncome_date": "2025-09-30",
    "LongTermDebt": 108498000,
    "LongTermDebt_date": "2025-09-30",
    "LongTermDebtCurrent": 1000000,
    "LongTermDebtCurrent_date": "2025-09-30",
    "Revenue": 246569000,
    "Revenue_date": "2025-09-30",
    "CFO": -31810000,
    "CFO_date": "2025-09-30",
    "OperatingExpenses": 277183000,
    "OperatingExpenses_date": "2025-09-30",
    "InterestExpense": 7480000,
    "InterestExpense_date": "2024-03-31",
    "collected_at": "2026-01-27"
  },
  {
    "ticker": "ATAI",
    "cik": "0001840904",
    "Assets": 239820000,
    "Assets_date": "2025-09-30",
    "CurrentAssets": 130666000,
    "CurrentAssets_date": "2025-09-30",
    "Liabilities": 79912000,
    "Liabilities_date": "2025-09-30",
    "CurrentLiabilities": 16544000,
    "CurrentLiabilities_date": "2025-09-30",
    "ShareholdersEquity": 159751000,
    "ShareholdersEquity_date": "2025-09-30",
    "Cash": 30402000,
    "Cash_date": "2025-09-30",
    "R&D": 400000,
    "R&D_date": "2024-12-31",
    "NetIncome": -115234000,
    "NetIncome_date": "2025-09-30",
    "LongTermDebt": 0,
    "LongTermDebt_date": "2025-09-30",
    "LongTermDebtCurrent": 11366000,
    "LongTermDebtCurrent_date": "2025-03-31",
    "ConvertibleDebt": 0,
    "ConvertibleDebt_date": "2022-12-31",
    "Revenue": 3023000,
    "Revenue_date": "2025-09-30",
    "CFO": -55196000,
    "CFO_date": "2025-09-30",
    "OperatingExpenses": 77102000,
    "OperatingExpenses_date": "2025-09-30",
    "InterestExpense": 1388000,
    "InterestExpense_date": "2024-06-30",
    "collected_at": "2026-01-27"
  },
  {
    "ticker": "ATXS",
    "cik": "0001454789",
    "Assets": 271866000,
    "Assets_date": "2025-09-30",
    "CurrentAssets": 253546000,
    "CurrentAssets_date": "2025-09-30",
    "Liabilities": 38613000,
    "Liabilities_date": "2025-09-30",
    "CurrentLiabilities": 23517000,
    "CurrentLiabilities_date": "2025-09-30",
    "ShareholdersEquity": 233253000,
    "ShareholdersEquity_date": "2025-09-30",
    "Cash": 96280000,
    "Cash_date": "2025-09-30",
    "ShortTermInvestments": 131441000,
    "ShortTermInvestments_date": "2025-09-30",
    "AvailableForSaleSecurities": 14931000,
    "AvailableForSaleSecurities_date": "2016-12-31",
    "R&D": 9859000,
    "R&D_date": "2021-09-30",
    "NetIncome": -98404000,
    "NetIncome_date": "2025-09-30",
    "LongTermDebt": 833000,
    "LongTermDebt_date": "2018-06-30",
    "LongTermDebtCurrent": 831000,
    "LongTermDebtCurrent_date": "2018-06-30",
    "Revenue": 706000,
    "Revenue_date": "2025-09-30",
    "CFO": -102371000,
    "CFO_date": "2025-09-30",
    "OperatingExpenses": 107625000,
    "OperatingExpenses_date": "2025-09-30",
    "InterestExpense": 100000,
    "InterestExpense_date": "2018-12-31",
    "collected_at": "2026-01-27"
  },
  {
    "ticker": "AUPH",
    "cik": "0001600620",
    "Assets": 527528000,
    "Assets_date": "2025-09-30",
    "CurrentAssets": 438737000,
    "CurrentAssets_date": "2025-09-30",
    "Liabilities": 161757000,
    "Liabilities_date": "2025-09-30",
    "CurrentLiabilities": 76220000,
    "CurrentLiabilities_date": "2025-09-30",
    "ShareholdersEquity": 365771000,
    "ShareholdersEquity_date": "2025-09-30",
    "Cash": 72889000,
    "Cash_date": "2025-09-30",
    "COGS": 23866000,
    "COGS_date": "2025-09-30",
    "R&D": 21610000,
    "R&D_date": "2025-09-30",
    "NetIncome": 76408000,
    "NetIncome_date": "2025-09-30",
    "Revenue": 205941000,
    "Revenue_date": "2025-09-30",
    "CFO": 89990000,
    "CFO_date": "2025-09-30",
    "OperatingExpenses": 134266000,
    "OperatingExpenses_date": "2025-09-30",
    "InterestExpense": 2481000,
    "InterestExpense_date": "2024-06-30",
    "collected_at": "2026-01-27"
  },
  {
    "ticker": "AURA",
    "cik": "0001501796",
    "Assets": 190024000,
    "Assets_date": "2025-09-30",
    "CurrentAssets": 170120000,
    "CurrentAssets_date": "2025-09-30",
    "Liabilities": 33357000,
    "Liabilities_date": "2025-09-30",
    "CurrentLiabilities": 18823000,
    "CurrentLiabilities_date": "2025-09-30",
    "ShareholdersEquity": 156667000,
    "ShareholdersEquity_date": "2025-09-30",
    "Cash": 47553000,
    "Cash_date": "2025-09-30",
    "R&D": 68403000,
    "R&D_date": "2025-09-30",
    "NetIncome": -80632000,
    "NetIncome_date": "2025-09-30",
    "CFO": -64273000,
    "CFO_date": "2025-09-30",
    "OperatingExpenses": 85554000,
    "OperatingExpenses_date": "2025-09-30",
    "collected_at": "2026-01-27"
  },
  {
    "ticker": "AUTL",
    "cik": "0001730463",
    "Assets": 661947000,
    "Assets_date": "2025-09-30",
    "CurrentAssets": 514577000,
    "CurrentAssets_date": "2025-09-30",
    "Liabilities": 396495000,
    "Liabilities_date": "2025-09-30",
    "CurrentLiabilities": 83071000,
    "CurrentLiabilities_date": "2025-09-30",
    "ShareholdersEquity": 265452000,
    "ShareholdersEquity_date": "2025-09-30",
    "Cash": 86124000,
    "Cash_date": "2025-09-30",
    "R&D": 82056000,
    "R&D_date": "2025-09-30",
    "NetIncome": -197196000,
    "NetIncome_date": "2025-09-30",
    "Revenue": 51099000,
    "Revenue_date": "2025-09-30",
    "CFO": -216245000,
    "CFO_date": "2025-09-30",
    "OperatingExpenses": 102982000,
    "OperatingExpenses_date": "2019-09-30",
    "InterestExpense": 13834000,
    "InterestExpense_date": "2025-09-30",
    "collected_at": "2026-01-27"
  },
  {
    "ticker": "AVBP",
    "cik": "0001868279",
    "Assets": 326555000,
    "Assets_date": "2025-09-30",
    "CurrentAssets": 321218000,
    "CurrentAssets_date": "2025-09-30",
    "Liabilities": 21558000,
    "Liabilities_date": "2025-09-30",
    "CurrentLiabilities": 21558000,
    "CurrentLiabilities_date": "2025-09-30",
    "ShareholdersEquity": 304997000,
    "ShareholdersEquity_date": "2025-09-30",
    "Cash": 112672000,
    "Cash_date": "2025-09-30",
    "ShortTermInvestments": 187594000,
    "ShortTermInvestments_date": "2025-09-30",
    "R&D": 121176000,
    "R&D_date": "2025-09-30",
    "NetIncome": -130764000,
    "NetIncome_date": "2025-09-30",
    "CFO": -129930000,
    "CFO_date": "2025-09-30",
    "OperatingExpenses": 138711000,
    "OperatingExpenses_date": "2025-09-30",
    "collected_at": "2026-01-27"
  },
  {
    "ticker": "AVIR",
    "cik": "0001593899",
    "Assets": 342963000,
    "Assets_date": "2025-09-30",
    "CurrentAssets": 336138000,
    "CurrentAssets_date": "2025-09-30",
    "Liabilities": 27183000,
    "Liabilities_date": "2025-09-30",
    "CurrentLiabilities": 20175000,
    "CurrentLiabilities_date": "2025-09-30",
    "ShareholdersEquity": 315780000,
    "ShareholdersEquity_date": "2025-09-30",
    "Cash": 77344000,
    "Cash_date": "2025-09-30",
    "R&D": 100206000,
    "R&D_date": "2025-09-30",
    "NetIncome": -113482000,
    "NetIncome_date": "2025-09-30",
    "Revenue": 351367000,
    "Revenue_date": "2021-12-31",
    "CFO": -103808000,
    "CFO_date": "2025-09-30",
    "OperatingExpenses": 125953000,
    "OperatingExpenses_date": "2025-09-30",
    "collected_at": "2026-01-27"
  },
  {
    "ticker": "AVXL",
    "cik": "0001314052",
    "Assets": 103815000,
    "Assets_date": "2025-09-30",
    "CurrentAssets": 31630256,
    "CurrentAssets_date": "2020-06-30",
    "Liabilities": 8946000,
    "Liabilities_date": "2025-09-30",
    "CurrentLiabilities": 9484544,
    "CurrentLiabilities_date": "2022-06-30",
    "ShareholdersEquity": 94869000,
    "ShareholdersEquity_date": "2025-09-30",
    "Cash": 102577000,
    "Cash_date": "2025-09-30",
    "R&D": 37592000,
    "R&D_date": "2025-09-30",
    "NetIncome": -46377000,
    "NetIncome_date": "2025-09-30",
    "LongTermDebt": 265,
    "LongTermDebt_date": "2015-12-31",
    "CFO": -39044000,
    "CFO_date": "2025-09-30",
    "OperatingExpenses": 51408000,
    "OperatingExpenses_date": "2025-09-30",
    "InterestExpense": -4206,
    "InterestExpense_date": "2016-03-31",
    "collected_at": "2026-01-27"
  },
  {
    "ticker": "BBOT",
    "cik": "0001869105",
    "Assets": 484793000,
    "Assets_date": "2025-09-30",
    "CurrentAssets": 476010000,
    "CurrentAssets_date": "2025-09-30",
    "Liabilities": 38093000,
    "Liabilities_date": "2025-09-30",
    "CurrentLiabilities": 35712000,
    "CurrentLiabilities_date": "2025-09-30",
    "ShareholdersEquity": 446700000,
    "ShareholdersEquity_date": "2025-09-30",
    "Cash": 408741000,
    "Cash_date": "2025-09-30",
    "MarketableSecurities": 59544000,
    "MarketableSecurities_date": "2025-09-30",
    "R&D": 83125000,
    "R&D_date": "2025-09-30",
    "NetIncome": -95247000,
    "NetIncome_date": "2025-09-30",
    "CFO": -71660000,
    "CFO_date": "2025-09-30",
    "OperatingExpenses": 102411000,
    "OperatingExpenses_date": "2025-09-30",
    "collected_at": "2026-01-27"
  },
  {
    "ticker": "BCAX",
    "cik": "0002023658",
    "Assets": 424688000,
    "Assets_date": "2025-09-30",
    "CurrentAssets": 297372000,
    "CurrentAssets_date": "2025-09-30",
    "Liabilities": 21908000,
    "Liabilities_date": "2025-09-30",
    "CurrentLiabilities": 21028000,
    "CurrentLiabilities_date": "2025-09-30",
    "ShareholdersEquity": 402780000,
    "ShareholdersEquity_date": "2025-09-30",
    "Cash": 171673000,
    "Cash_date": "2025-09-30",
    "ShortTermInvestments": 118494000,
    "ShortTermInvestments_date": "2025-09-30",
    "R&D": 92100000,
    "R&D_date": "2025-09-30",
    "NetIncome": -100564000,
    "NetIncome_date": "2025-09-30",
    "CFO": -82948000,
    "CFO_date": "2025-09-30",
    "OperatingExpenses": 114482000,
    "OperatingExpenses_date": "2025-09-30",
    "collected_at": "2026-01-27"
  },
  {
    "ticker": "BCYC",
    "cik": "0001761612",
    "Assets": 763954000,
    "Assets_date": "2025-09-30",
    "CurrentAssets": 738819000,
    "CurrentAssets_date": "2025-09-30",
    "Liabilities": 145475000,
    "Liabilities_date": "2025-09-30",
    "CurrentLiabilities": 69282000,
    "CurrentLiabilities_date": "2025-09-30",
    "ShareholdersEquity": 618479000,
    "ShareholdersEquity_date": "2025-09-30",
    "Cash": 648325000,
    "Cash_date": "2025-09-30",
    "R&D": 188513000,
    "R&D_date": "2025-09-30",
    "NetIncome": -198806000,
    "NetIncome_date": "2025-09-30",
    "LongTermDebt": 30909000,
    "LongTermDebt_date": "2024-06-30",
    "LongTermDebtCurrent": 22404000,
    "LongTermDebtCurrent_date": "2024-06-30",
    "Revenue": 24631000,
    "Revenue_date": "2025-09-30",
    "CFO": -230329000,
    "CFO_date": "2025-09-30",
    "OperatingExpenses": 246988000,
    "OperatingExpenses_date": "2025-09-30",
    "InterestExpense": 821000,
    "InterestExpense_date": "2024-03-31",
    "collected_at": "2026-01-27"
  },
  {
    "ticker": "BHVN",
    "cik": "0001935979",
    "Assets": 409123000,
    "Assets_date": "2025-09-30",
    "CurrentAssets": 323615000,
    "CurrentAssets_date": "2025-09-30",
    "Liabilities": 426283000,
    "Liabilities_date": "2025-09-30",
    "CurrentLiabilities": 113023000,
    "CurrentLiabilities_date": "2025-09-30",
    "ShareholdersEquity": -17160000,
    "ShareholdersEquity_date": "2025-09-30",
    "Cash": 184847000,
    "Cash_date": "2025-09-30",
    "MarketableSecurities": 75370000,
    "MarketableSecurities_date": "2025-09-30",
    "R&D": 513120000,
    "R&D_date": "2025-09-30",
    "NetIncome": -593267000,
    "NetIncome_date": "2025-09-30",
    "CFO": -478776000,
    "CFO_date": "2025-09-30",
    "OperatingExpenses": 602644000,
    "OperatingExpenses_date": "2025-09-30",
    "collected_at": "2026-01-27"
  },
  {
    "ticker": "BIOA",
    "cik": "0001709941",
    "Assets": 305090000,
    "Assets_date": "2025-09-30",
    "CurrentAssets": 290828000,
    "CurrentAssets_date": "2025-09-30",
    "Liabilities": 27626000,
    "Liabilities_date": "2025-09-30",
    "CurrentLiabilities": 24493000,
    "CurrentLiabilities_date": "2025-09-30",
    "ShareholdersEquity": 277464000,
    "ShareholdersEquity_date": "2025-09-30",
    "Cash": 215573000,
    "Cash_date": "2025-09-30",
    "MarketableSecurities": 70205000,
    "MarketableSecurities_date": "2025-09-30",
    "R&D": 49466000,
    "R&D_date": "2025-09-30",
    "NetIncome": -54662000,
    "NetIncome_date": "2025-09-30",
    "LongTermDebt": 7056000,
    "LongTermDebt_date": "2025-03-31",
    "LongTermDebtCurrent": 4126000,
    "LongTermDebtCurrent_date": "2025-09-30",
    "Revenue": 5917000,
    "Revenue_date": "2025-09-30",
    "CFO": -53376000,
    "CFO_date": "2025-09-30",
    "OperatingExpenses": 70274000,
    "OperatingExpenses_date": "2025-09-30",
    "collected_at": "2026-01-27"
  },
  {
    "ticker": "BRKR",
    "cik": "0001109354",
    "Assets": 6434900000,
    "Assets_date": "2025-09-30",
    "CurrentAssets": 2350600000,
    "CurrentAssets_date": "2025-09-30",
    "Liabilities": 3991500000,
    "Liabilities_date": "2024-12-31",
    "CurrentLiabilities": 1268100000,
    "CurrentLiabilities_date": "2025-09-30",
    "ShareholdersEquity": 2431900000,
    "ShareholdersEquity_date": "2025-09-30",
    "Cash": 293100000,
    "Cash_date": "2025-09-30",
    "ShortTermInvestments": 0,
    "ShortTermInvestments_date": "2022-12-31",
    "AvailableForSaleSecurities": 114200000,
    "AvailableForSaleSecurities_date": "2017-12-31",
    "COGS": 1330800000,
    "COGS_date": "2025-09-30",
    "R&D": 295600000,
    "R&D_date": "2025-09-30",
    "NetIncome": -34600000,
    "NetIncome_date": "2025-09-30",
    "LongTermDebt": 2008500000,
    "LongTermDebt_date": "2025-09-30",
    "Revenue": 2459300000,
    "Revenue_date": "2025-09-30",
    "CFO": -95700000,
    "CFO_date": "2025-09-30",
    "OperatingExpenses": 1136600000,
    "OperatingExpenses_date": "2025-09-30",
    "InterestExpense": 47900000,
    "InterestExpense_date": "2024-12-31",
    "collected_at": "2026-01-27"
  },
  {
    "ticker": "CABA",
    "cik": "0001759138",
    "Assets": 189759000,
    "Assets_date": "2025-09-30",
    "CurrentAssets": 164561000,
    "CurrentAssets_date": "2025-09-30",
    "Liabilities": 50293000,
    "Liabilities_date": "2025-09-30",
    "CurrentLiabilities": 45735000,
    "CurrentLiabilities_date": "2025-09-30",
    "ShareholdersEquity": 139466000,
    "ShareholdersEquity_date": "2025-09-30",
    "Cash": 60206000,
    "Cash_date": "2025-09-30",
    "ShortTermInvestments": 99725000,
    "ShortTermInvestments_date": "2025-09-30",
    "R&D": 106480000,
    "R&D_date": "2025-09-30",
    "NetIncome": -125937000,
    "NetIncome_date": "2025-09-30",
    "CFO": -95737000,
    "CFO_date": "2025-09-30",
    "OperatingExpenses": 129630000,
    "OperatingExpenses_date": "2025-09-30",
    "InterestExpense": 1449000,
    "InterestExpense_date": "2025-09-30",
    "collected_at": "2026-01-27"
  },
  {
    "ticker": "CADL",
    "cik": "0001841387",
    "Assets": 93598000,
    "Assets_date": "2025-09-30",
    "CurrentAssets": 90134000,
    "CurrentAssets_date": "2025-09-30",
    "Liabilities": 13474000,
    "Liabilities_date": "2025-09-30",
    "CurrentLiabilities": 10929000,
    "CurrentLiabilities_date": "2025-09-30",
    "ShareholdersEquity": 80124000,
    "ShareholdersEquity_date": "2025-09-30",
    "Cash": 86963000,
    "Cash_date": "2025-09-30",
    "R&D": 19468000,
    "R&D_date": "2025-09-30",
    "NetIncome": -8686000,
    "NetIncome_date": "2025-09-30",
    "LongTermDebt": 560000,
    "LongTermDebt_date": "2021-12-31",
    "LongTermDebtCurrent": 4225000,
    "LongTermDebtCurrent_date": "2025-09-30",
    "Revenue": 125000,
    "Revenue_date": "2022-12-31",
    "CFO": -27743000,
    "CFO_date": "2025-09-30",
    "OperatingExpenses": 32514000,
    "OperatingExpenses_date": "2025-09-30",
    "InterestExpense": 703000,
    "InterestExpense_date": "2025-09-30",
    "collected_at": "2026-01-27"
  },
  {
    "ticker": "CAI",
    "cik": "0002019410",
    "Assets": 984571000,
    "Assets_date": "2025-09-30",
    "CurrentAssets": 854245000,
    "CurrentAssets_date": "2025-09-30",
    "Liabilities": 506207000,
    "Liabilities_date": "2025-09-30",
    "CurrentLiabilities": 86030000,
    "CurrentLiabilities_date": "2025-09-30",
    "ShareholdersEquity": 478364000,
    "ShareholdersEquity_date": "2025-09-30",
    "Cash": 753221000,
    "Cash_date": "2025-09-30",
    "MarketableSecurities": 2272000,
    "MarketableSecurities_date": "2025-09-30",
    "R&D": 69739000,
    "R&D_date": "2025-09-30",
    "NetIncome": -150045000,
    "NetIncome_date": "2025-09-30",
    "LongTermDebt": 375880000,
    "LongTermDebt_date": "2025-09-30",
    "LongTermDebtCurrent": 164000,
    "LongTermDebtCurrent_date": "2025-09-30",
    "Revenue": 519147000,
    "Revenue_date": "2025-09-30",
    "CFO": 38375000,
    "CFO_date": "2025-09-30",
    "OperatingExpenses": 562445000,
    "OperatingExpenses_date": "2025-09-30",
    "InterestExpense": 45474000,
    "InterestExpense_date": "2025-09-30",
    "collected_at": "2026-01-27"
  },
  {
    "ticker": "CATX",
    "cik": "0000728387",
    "Assets": 294825000,
    "Assets_date": "2025-09-30",
    "CurrentAssets": 178500000,
    "CurrentAssets_date": "2025-09-30",
    "Liabilities": 52609000,
    "Liabilities_date": "2025-09-30",
    "CurrentLiabilities": 20618000,
    "CurrentLiabilities_date": "2025-09-30",
    "ShareholdersEquity": 242216000,
    "ShareholdersEquity_date": "2025-09-30",
    "Cash": 26762000,
    "Cash_date": "2025-09-30",
    "ShortTermInvestments": 147375000,
    "ShortTermInvestments_date": "2025-09-30",
    "R&D": 51291000,
    "R&D_date": "2025-09-30",
    "NetIncome": -65631000,
    "NetIncome_date": "2025-09-30",
    "LongTermDebt": 1638000,
    "LongTermDebt_date": "2025-09-30",
    "Revenue": 6336000,
    "Revenue_date": "2023-09-30",
    "CFO": -57827000,
    "CFO_date": "2025-09-30",
    "OperatingExpenses": 74573000,
    "OperatingExpenses_date": "2025-09-30",
    "InterestExpense": 84000,
    "InterestExpense_date": "2023-12-31",
    "collected_at": "2026-01-27"
  },
  {
    "ticker": "CCCC",
    "cik": "0001662579",
    "Assets": 265488000,
    "Assets_date": "2025-09-30",
    "CurrentAssets": 206864000,
    "CurrentAssets_date": "2025-09-30",
    "Liabilities": 111080000,
    "Liabilities_date": "2025-09-30",
    "CurrentLiabilities": 35945000,
    "CurrentLiabilities_date": "2025-09-30",
    "ShareholdersEquity": 154408000,
    "ShareholdersEquity_date": "2025-09-30",
    "Cash": 58809000,
    "Cash_date": "2025-09-30",
    "MarketableSecurities": 264102000,
    "MarketableSecurities_date": "2022-09-30",
    "ShortTermInvestments": 135979000,
    "ShortTermInvestments_date": "2020-09-30",
    "R&D": 79258000,
    "R&D_date": "2025-09-30",
    "NetIncome": -84508000,
    "NetIncome_date": "2025-09-30",
    "LongTermDebt": 10335000,
    "LongTermDebt_date": "2023-06-30",
    "LongTermDebtCurrent": 0,
    "LongTermDebtCurrent_date": "2023-12-31",
    "Revenue": 24931000,
    "Revenue_date": "2025-09-30",
    "CFO": -76549000,
    "CFO_date": "2025-09-30",
    "OperatingExpenses": 117008000,
    "OperatingExpenses_date": "2025-09-30",
    "collected_at": "2026-01-27"
  },
  {
    "ticker": "CDXS",
    "cik": "0001200375",
    "Assets": 123961000,
    "Assets_date": "2025-09-30",
    "CurrentAssets": 76192000,
    "CurrentAssets_date": "2025-09-30",
    "Liabilities": 85417000,
    "Liabilities_date": "2025-09-30",
    "CurrentLiabilities": 18475000,
    "CurrentLiabilities_date": "2025-09-30",
    "ShareholdersEquity": 38544000,
    "ShareholdersEquity_date": "2025-09-30",
    "Cash": 25351000,
    "Cash_date": "2025-09-30",
    "ShortTermInvestments": 33350000,
    "ShortTermInvestments_date": "2025-09-30",
    "R&D": 40586000,
    "R&D_date": "2025-09-30",
    "NetIncome": -53575000,
    "NetIncome_date": "2025-09-30",
    "LongTermDebt": 39729000,
    "LongTermDebt_date": "2025-09-30",
    "Revenue": 31472000,
    "Revenue_date": "2025-09-30",
    "CFO": -39468000,
    "CFO_date": "2025-09-30",
    "OperatingExpenses": 83770000,
    "OperatingExpenses_date": "2025-09-30",
    "InterestExpense": 13000,
    "InterestExpense_date": "2013-12-31",
    "collected_at": "2026-01-27"
  },
  {
    "ticker": "CGEM",
    "cik": "0001789972",
    "Assets": 484126000,
    "Assets_date": "2025-09-30",
    "CurrentAssets": 342235000,
    "CurrentAssets_date": "2025-09-30",
    "Liabilities": 32757000,
    "Liabilities_date": "2025-09-30",
    "CurrentLiabilities": 32757000,
    "CurrentLiabilities_date": "2025-09-30",
    "ShareholdersEquity": 451369000,
    "ShareholdersEquity_date": "2025-09-30",
    "Cash": 103335000,
    "Cash_date": "2025-09-30",
    "ShortTermInvestments": 229261000,
    "ShortTermInvestments_date": "2025-09-30",
    "R&D": 144457000,
    "R&D_date": "2025-09-30",
    "NetIncome": -169166000,
    "NetIncome_date": "2025-09-30",
    "Revenue": 0,
    "Revenue_date": "2022-12-31",
    "CFO": -137641000,
    "CFO_date": "2025-09-30",
    "OperatingExpenses": 186389000,
    "OperatingExpenses_date": "2025-09-30",
    "collected_at": "2026-01-27"
  },
  {
    "ticker": "CGON",
    "cik": "0001991792",
    "Assets": 729913000,
    "Assets_date": "2025-09-30",
    "CurrentAssets": 695790000,
    "CurrentAssets_date": "2025-09-30",
    "Liabilities": 42270000,
    "Liabilities_date": "2025-09-30",
    "CurrentLiabilities": 30528000,
    "CurrentLiabilities_date": "2025-09-30",
    "ShareholdersEquity": 687643000,
    "ShareholdersEquity_date": "2025-09-30",
    "Cash": 45145000,
    "Cash_date": "2025-09-30",
    "MarketableSecurities": 635118000,
    "MarketableSecurities_date": "2025-09-30",
    "R&D": 86683000,
    "R&D_date": "2025-09-30",
    "NetIncome": -119686000,
    "NetIncome_date": "2025-09-30",
    "CFO": -96130000,
    "CFO_date": "2025-09-30",
    "OperatingExpenses": 143792000,
    "OperatingExpenses_date": "2025-09-30",
    "collected_at": "2026-01-27"
  },
  {
    "ticker": "CMPS",
    "cik": "0001816590",
    "Assets": 255607000,
    "Assets_date": "2025-09-30",
    "CurrentAssets": 242388000,
    "CurrentAssets_date": "2025-09-30",
    "Liabilities": 218016000,
    "Liabilities_date": "2025-09-30",
    "CurrentLiabilities": 197450000,
    "CurrentLiabilities_date": "2025-09-30",
    "ShareholdersEquity": 37591000,
    "ShareholdersEquity_date": "2025-09-30",
    "Cash": 185937000,
    "Cash_date": "2025-09-30",
    "R&D": 88530000,
    "R&D_date": "2025-09-30",
    "NetIncome": -193984000,
    "NetIncome_date": "2025-09-30",
    "LongTermDebt": 31269000,
    "LongTermDebt_date": "2025-09-30",
    "LongTermDebtCurrent": 12669000,
    "LongTermDebtCurrent_date": "2025-09-30",
    "CFO": -119452000,
    "CFO_date": "2025-09-30",
    "OperatingExpenses": 133085000,
    "OperatingExpenses_date": "2025-09-30",
    "InterestExpense": 3400000,
    "InterestExpense_date": "2025-09-30",
    "collected_at": "2026-01-27"
  },
  {
    "ticker": "CNTA",
    "cik": "0001847903",
    "Assets": 448300000,
    "Assets_date": "2025-09-30",
    "CurrentAssets": 307675000,
    "CurrentAssets_date": "2025-09-30",
    "Liabilities": 146726000,
    "Liabilities_date": "2025-09-30",
    "CurrentLiabilities": 29122000,
    "CurrentLiabilities_date": "2025-09-30",
    "ShareholdersEquity": 301574000,
    "ShareholdersEquity_date": "2025-09-30",
    "Cash": 50811000,
    "Cash_date": "2025-09-30",
    "ShortTermInvestments": 195403000,
    "ShortTermInvestments_date": "2025-09-30",
    "NetIncome": -131369000,
    "NetIncome_date": "2025-09-30",
    "LongTermDebt": 109816000,
    "LongTermDebt_date": "2025-09-30",
    "Revenue": 15000000,
    "Revenue_date": "2025-09-30",
    "CFO": -138010000,
    "CFO_date": "2025-09-30",
    "InterestExpense": 2529000,
    "InterestExpense_date": "2024-03-31",
    "collected_at": "2026-01-27"
  },
  {
    "ticker": "COGT",
    "cik": "0001622229",
    "Assets": 425933000,
    "Assets_date": "2025-09-30",
    "CurrentAssets": 397244000,
    "CurrentAssets_date": "2025-09-30",
    "Liabilities": 123469000,
    "Liabilities_date": "2025-09-30",
    "CurrentLiabilities": 62246000,
    "CurrentLiabilities_date": "2025-09-30",
    "ShareholdersEquity": 302464000,
    "ShareholdersEquity_date": "2025-09-30",
    "Cash": 125297000,
    "Cash_date": "2025-09-30",
    "MarketableSecurities": 6696000,
    "MarketableSecurities_date": "2018-03-31",
    "AvailableForSaleSecurities": 0,
    "AvailableForSaleSecurities_date": "2019-09-30",
    "R&D": 194221000,
    "R&D_date": "2025-09-30",
    "NetIncome": -226445000,
    "NetIncome_date": "2025-09-30",
    "LongTermDebt": 44250000,
    "LongTermDebt_date": "2025-09-30",
    "CFO": -185339000,
    "CFO_date": "2025-09-30",
    "OperatingExpenses": 233870000,
    "OperatingExpenses_date": "2025-09-30",
    "collected_at": "2026-01-27"
  },
  {
    "ticker": "CRL",
    "cik": "0001100682",
    "Assets": 7513812000,
    "Assets_date": "2025-09-27",
    "CurrentAssets": 1532104000,
    "CurrentAssets_date": "2025-09-27",
    "Liabilities": 4062995000,
    "Liabilities_date": "2025-09-27",
    "CurrentLiabilities": 1121888000,
    "CurrentLiabilities_date": "2025-09-27",
    "ShareholdersEquity": 3405449000,
    "ShareholdersEquity_date": "2025-09-27",
    "Cash": 207097000,
    "Cash_date": "2025-09-27",
    "MarketableSecurities": 11855000,
    "MarketableSecurities_date": "2014-06-28",
    "ShortTermInvestments": 950000,
    "ShortTermInvestments_date": "2022-09-24",
    "NetIncome": 132217000,
    "NetIncome_date": "2025-09-27",
    "LongTermDebt": 1610546000,
    "LongTermDebt_date": "2018-12-29",
    "LongTermDebtCurrent": 54000,
    "LongTermDebtCurrent_date": "2025-09-27",
    "Revenue": 3021155000,
    "Revenue_date": "2025-09-27",
    "CFO": 590126000,
    "CFO_date": "2025-09-27",
    "InterestExpense": 35001000,
    "InterestExpense_date": "2024-03-30",
    "collected_at": "2026-01-27"
  },
  {
    "ticker": "CSTL",
    "cik": "0001447362",
    "Assets": 562786000,
    "Assets_date": "2025-09-30",
    "CurrentAssets": 357569000,
    "CurrentAssets_date": "2025-09-30",
    "Liabilities": 95740000,
    "Liabilities_date": "2025-09-30",
    "CurrentLiabilities": 55308000,
    "CurrentLiabilities_date": "2025-09-30",
    "ShareholdersEquity": 467046000,
    "ShareholdersEquity_date": "2025-09-30",
    "Cash": 85556000,
    "Cash_date": "2025-09-30",
    "MarketableSecurities": 201986000,
    "MarketableSecurities_date": "2025-09-30",
    "COGS": 52713000,
    "COGS_date": "2025-09-30",
    "R&D": 38335000,
    "R&D_date": "2025-09-30",
    "NetIncome": -21826000,
    "NetIncome_date": "2025-09-30",
    "LongTermDebt": 10049000,
    "LongTermDebt_date": "2025-09-30",
    "LongTermDebtCurrent": 0,
    "LongTermDebtCurrent_date": "2025-09-30",
    "Revenue": 257219000,
    "Revenue_date": "2025-09-30",
    "CFO": 37416000,
    "CFO_date": "2025-09-30",
    "OperatingExpenses": 24069000,
    "OperatingExpenses_date": "2021-03-31",
    "InterestExpense": 17000,
    "InterestExpense_date": "2025-06-30",
    "collected_at": "2026-01-27"
  },
  {
    "ticker": "CTKB",
    "cik": "0001831915",
    "Assets": 494919000,
    "Assets_date": "2025-09-30",
    "CurrentAssets": 388489000,
    "CurrentAssets_date": "2025-09-30",
    "Liabilities": 116348000,
    "Liabilities_date": "2025-09-30",
    "CurrentLiabilities": 75207000,
    "CurrentLiabilities_date": "2025-09-30",
    "ShareholdersEquity": 378571000,
    "ShareholdersEquity_date": "2025-09-30",
    "Cash": 93281000,
    "Cash_date": "2025-09-30",
    "R&D": 27506000,
    "R&D_date": "2025-09-30",
    "NetIncome": -11402000,
    "NetIncome_date": "2025-03-31",
    "Revenue": 139352000,
    "Revenue_date": "2025-09-30",
    "CFO": -3915000,
    "CFO_date": "2025-09-30",
    "OperatingExpenses": 106365000,
    "OperatingExpenses_date": "2025-09-30",
    "InterestExpense": 441000,
    "InterestExpense_date": "2024-03-31",
    "collected_at": "2026-01-27"
  },
  {
    "ticker": "CTMX",
    "cik": "0001501989",
    "Assets": 158254000,
    "Assets_date": "2025-09-30",
    "CurrentAssets": 149217000,
    "CurrentAssets_date": "2025-09-30",
    "Liabilities": 50865000,
    "Liabilities_date": "2025-09-30",
    "CurrentLiabilities": 41029000,
    "CurrentLiabilities_date": "2025-09-30",
    "ShareholdersEquity": 107389000,
    "ShareholdersEquity_date": "2025-09-30",
    "Cash": 34185000,
    "Cash_date": "2025-09-30",
    "ShortTermInvestments": 77495000,
    "ShortTermInvestments_date": "2015-09-30",
    "AvailableForSaleSecurities": 204809000,
    "AvailableForSaleSecurities_date": "2018-09-30",
    "R&D": 47493000,
    "R&D_date": "2025-09-30",
    "NetIncome": 9142000,
    "NetIncome_date": "2025-09-30",
    "LongTermDebtCurrent": 1419000,
    "LongTermDebtCurrent_date": "2014-12-31",
    "Revenue": 75538000,
    "Revenue_date": "2025-09-30",
    "CFO": -52344000,
    "CFO_date": "2025-09-30",
    "OperatingExpenses": 69970000,
    "OperatingExpenses_date": "2025-09-30",
    "InterestExpense": 206000,
    "InterestExpense_date": "2017-03-31",
    "collected_at": "2026-01-27"
  },
  {
    "ticker": "CTNM",
    "cik": "0001855175",
    "Assets": 190847000,
    "Assets_date": "2025-09-30",
    "CurrentAssets": 184927000,
    "CurrentAssets_date": "2025-09-30",
    "Liabilities": 10377000,
    "Liabilities_date": "2025-09-30",
    "CurrentLiabilities": 6361000,
    "CurrentLiabilities_date": "2025-09-30",
    "ShareholdersEquity": 180470000,
    "ShareholdersEquity_date": "2025-09-30",
    "Cash": 42633000,
    "Cash_date": "2025-09-30",
    "MarketableSecurities": 139774000,
    "MarketableSecurities_date": "2025-09-30",
    "R&D": 38767000,
    "R&D_date": "2025-09-30",
    "NetIncome": -44822000,
    "NetIncome_date": "2025-09-30",
    "Revenue": 0,
    "Revenue_date": "2024-12-31",
    "CFO": -42270000,
    "CFO_date": "2025-09-30",
    "OperatingExpenses": 50944000,
    "OperatingExpenses_date": "2025-09-30",
    "collected_at": "2026-01-27"
  },
  {
    "ticker": "DNA",
    "cik": "0001830214",
    "Assets": 1189165000,
    "Assets_date": "2025-09-30",
    "CurrentAssets": 506082000,
    "CurrentAssets_date": "2025-09-30",
    "Liabilities": 629382000,
    "Liabilities_date": "2025-09-30",
    "CurrentLiabilities": 115281000,
    "CurrentLiabilities_date": "2025-09-30",
    "ShareholdersEquity": 559783000,
    "ShareholdersEquity_date": "2025-09-30",
    "Cash": 111065000,
    "Cash_date": "2025-09-30",
    "MarketableSecurities": 384419000,
    "MarketableSecurities_date": "2025-09-30",
    "R&D": 193646000,
    "R&D_date": "2025-09-30",
    "NetIncome": -232012000,
    "NetIncome_date": "2025-09-30",
    "Revenue": 136759000,
    "Revenue_date": "2025-09-30",
    "CFO": -123381000,
    "CFO_date": "2025-09-30",
    "OperatingExpenses": 381285000,
    "OperatingExpenses_date": "2025-09-30",
    "InterestExpense": 93000,
    "InterestExpense_date": "2023-12-31",
    "collected_at": "2026-01-27"
  },
  {
    "ticker": "DSGN",
    "cik": "0001807120",
    "Assets": 211770000,
    "Assets_date": "2025-09-30",
    "CurrentAssets": 209029000,
    "CurrentAssets_date": "2025-09-30",
    "Liabilities": 12050000,
    "Liabilities_date": "2025-09-30",
    "CurrentLiabilities": 11173000,
    "CurrentLiabilities_date": "2025-09-30",
    "ShareholdersEquity": 199720000,
    "ShareholdersEquity_date": "2025-09-30",
    "Cash": 15088000,
    "Cash_date": "2025-09-30",
    "MarketableSecurities": 190882000,
    "MarketableSecurities_date": "2025-09-30",
    "R&D": 45704000,
    "R&D_date": "2025-09-30",
    "NetIncome": -53795000,
    "NetIncome_date": "2025-09-30",
    "Revenue": 0,
    "Revenue_date": "2025-09-30",
    "CFO": -42392000,
    "CFO_date": "2025-09-30",
    "OperatingExpenses": 61298000,
    "OperatingExpenses_date": "2025-09-30",
    "collected_at": "2026-01-27"
  },
  {
    "ticker": "DYN",
    "cik": "0001818794",
    "Assets": 867059000,
    "Assets_date": "2025-09-30",
    "CurrentAssets": 806263000,
    "CurrentAssets_date": "2025-09-30",
    "Liabilities": 175276000,
    "Liabilities_date": "2025-09-30",
    "CurrentLiabilities": 59849000,
    "CurrentLiabilities_date": "2025-09-30",
    "ShareholdersEquity": 691783000,
    "ShareholdersEquity_date": "2025-09-30",
    "Cash": 573610000,
    "Cash_date": "2025-09-30",
    "R&D": 302902000,
    "R&D_date": "2025-09-30",
    "NetIncome": -334259000,
    "NetIncome_date": "2025-09-30",
    "LongTermDebt": 99147000,
    "LongTermDebt_date": "2025-09-30",
    "CFO": -291375000,
    "CFO_date": "2025-09-30",
    "OperatingExpenses": 352055000,
    "OperatingExpenses_date": "2025-09-30",
    "InterestExpense": 2998000,
    "InterestExpense_date": "2025-09-30",
    "collected_at": "2026-01-27"
  },
  {
    "ticker": "EBS",
    "cik": "0001367644",
    "Assets": 1461000000,
    "Assets_date": "2025-09-30",
    "CurrentAssets": 786900000,
    "CurrentAssets_date": "2025-09-30",
    "Liabilities": 878500000,
    "Liabilities_date": "2025-09-30",
    "CurrentLiabilities": 136500000,
    "CurrentLiabilities_date": "2025-09-30",
    "ShareholdersEquity": 582500000,
    "ShareholdersEquity_date": "2025-09-30",
    "Cash": 245500000,
    "Cash_date": "2025-09-30",
    "R&D": 41100000,
    "R&D_date": "2025-09-30",
    "NetIncome": 107200000,
    "NetIncome_date": "2025-09-30",
    "LongTermDebt": 693100000,
    "LongTermDebt_date": "2025-09-30",
    "LongTermDebtCurrent": 0,
    "LongTermDebtCurrent_date": "2024-12-31",
    "Revenue": 594200000,
    "Revenue_date": "2025-09-30",
    "CFO": 92900000,
    "CFO_date": "2025-09-30",
    "OperatingExpenses": 466200000,
    "OperatingExpenses_date": "2025-09-30",
    "InterestExpense": 24300000,
    "InterestExpense_date": "2024-03-31",
    "collected_at": "2026-01-27"
  },
  {
    "ticker": "ELVN",
    "cik": "0001672619",
    "Assets": 490875000,
    "Assets_date": "2025-09-30",
    "CurrentAssets": 482683000,
    "CurrentAssets_date": "2025-09-30",
    "Liabilities": 14753000,
    "Liabilities_date": "2025-09-30",
    "CurrentLiabilities": 14650000,
    "CurrentLiabilities_date": "2025-09-30",
    "ShareholdersEquity": 476122000,
    "ShareholdersEquity_date": "2025-09-30",
    "Cash": 101732000,
    "Cash_date": "2025-09-30",
    "MarketableSecurities": 375833000,
    "MarketableSecurities_date": "2025-09-30",
    "R&D": 64611000,
    "R&D_date": "2025-09-30",
    "NetIncome": -74027000,
    "NetIncome_date": "2025-09-30",
    "CFO": -54463000,
    "CFO_date": "2025-09-30",
    "OperatingExpenses": 85373000,
    "OperatingExpenses_date": "2025-09-30",
    "collected_at": "2026-01-27"
  },
  {
    "ticker": "ENTA",
    "cik": "0001177648",
    "Assets": 280732000,
    "Assets_date": "2025-09-30",
    "CurrentAssets": 204336000,
    "CurrentAssets_date": "2025-09-30",
    "Liabilities": 216015000,
    "Liabilities_date": "2025-09-30",
    "CurrentLiabilities": 48555000,
    "CurrentLiabilities_date": "2025-09-30",
    "ShareholdersEquity": 64717000,
    "ShareholdersEquity_date": "2025-09-30",
    "Cash": 32298000,
    "Cash_date": "2025-09-30",
    "MarketableSecurities": 193676000,
    "MarketableSecurities_date": "2016-06-30",
    "AvailableForSaleSecurities": 230750000,
    "AvailableForSaleSecurities_date": "2018-06-30",
    "R&D": 106740000,
    "R&D_date": "2025-09-30",
    "NetIncome": -81889000,
    "NetIncome_date": "2025-09-30",
    "Revenue": 65324000,
    "Revenue_date": "2025-09-30",
    "CFO": -19272000,
    "CFO_date": "2025-09-30",
    "OperatingExpenses": 150673000,
    "OperatingExpenses_date": "2025-09-30",
    "InterestExpense": 8359000,
    "InterestExpense_date": "2024-06-30",
    "collected_at": "2026-01-27"
  },
  {
    "ticker": "ERAS",
    "cik": "0001761918",
    "Assets": 420401000,
    "Assets_date": "2025-09-30",
    "CurrentAssets": 299925000,
    "CurrentAssets_date": "2025-09-30",
    "Liabilities": 72515000,
    "Liabilities_date": "2025-09-30",
    "CurrentLiabilities": 28712000,
    "CurrentLiabilities_date": "2025-09-30",
    "ShareholdersEquity": 347886000,
    "ShareholdersEquity_date": "2025-09-30",
    "Cash": 70230000,
    "Cash_date": "2025-09-30",
    "MarketableSecurities": 218170000,
    "MarketableSecurities_date": "2025-09-30",
    "ShortTermInvestments": 53988000,
    "ShortTermInvestments_date": "2021-12-31",
    "NetIncome": -95454000,
    "NetIncome_date": "2025-09-30",
    "CFO": -73744000,
    "CFO_date": "2025-09-30",
    "OperatingExpenses": 108301000,
    "OperatingExpenses_date": "2025-09-30",
    "collected_at": "2026-01-27"
  },
  {
    "ticker": "EWTX",
    "cik": "0001710072",
    "Assets": 583466000,
    "Assets_date": "2025-09-30",
    "CurrentAssets": 573900000,
    "CurrentAssets_date": "2025-09-30",
    "Liabilities": 24819000,
    "Liabilities_date": "2025-09-30",
    "CurrentLiabilities": 21646000,
    "CurrentLiabilities_date": "2025-09-30",
    "ShareholdersEquity": 558647000,
    "ShareholdersEquity_date": "2025-09-30",
    "Cash": 46003000,
    "Cash_date": "2025-09-30",
    "R&D": 107795000,
    "R&D_date": "2025-09-30",
    "NetIncome": -117579000,
    "NetIncome_date": "2025-09-30",
    "LongTermDebt": 59000,
    "LongTermDebt_date": "2022-09-30",
    "CFO": -105224000,
    "CFO_date": "2025-09-30",
    "OperatingExpenses": 135427000,
    "OperatingExpenses_date": "2025-09-30",
    "collected_at": "2026-01-27"
  },
  {
    "ticker": "FDMT",
    "cik": "0001650648",
    "Assets": 423982000,
    "Assets_date": "2025-09-30",
    "CurrentAssets": 312377000,
    "CurrentAssets_date": "2025-09-30",
    "Liabilities": 54999000,
    "Liabilities_date": "2025-09-30",
    "CurrentLiabilities": 37107000,
    "CurrentLiabilities_date": "2025-09-30",
    "ShareholdersEquity": 368983000,
    "ShareholdersEquity_date": "2025-09-30",
    "Cash": 48555000,
    "Cash_date": "2025-09-30",
    "MarketableSecurities": 256508000,
    "MarketableSecurities_date": "2025-09-30",
    "AvailableForSaleSecurities": 70686000,
    "AvailableForSaleSecurities_date": "2021-09-30",
    "R&D": 43832000,
    "R&D_date": "2021-09-30",
    "NetIncome": -159506000,
    "NetIncome_date": "2025-09-30",
    "Revenue": 119000,
    "Revenue_date": "2025-09-30",
    "CFO": -137633000,
    "CFO_date": "2025-09-30",
    "OperatingExpenses": 174381000,
    "OperatingExpenses_date": "2025-09-30",
    "collected_at": "2026-01-27"
  },
  {
    "ticker": "FHTX",
    "cik": "0001822462",
    "Assets": 204962000,
    "Assets_date": "2025-09-30",
    "CurrentAssets": 184117000,
    "CurrentAssets_date": "2025-09-30",
    "Liabilities": 294620000,
    "Liabilities_date": "2025-09-30",
    "CurrentLiabilities": 85088000,
    "CurrentLiabilities_date": "2025-09-30",
    "ShareholdersEquity": -89658000,
    "ShareholdersEquity_date": "2025-09-30",
    "Cash": 89334000,
    "Cash_date": "2025-09-30",
    "R&D": 63420000,
    "R&D_date": "2025-09-30",
    "NetIncome": -52619000,
    "NetIncome_date": "2025-09-30",
    "LongTermDebt": 19914000,
    "LongTermDebt_date": "2021-09-30",
    "LongTermDebtCurrent": 0,
    "LongTermDebtCurrent_date": "2021-03-31",
    "Revenue": 21662000,
    "Revenue_date": "2025-09-30",
    "CFO": -63828000,
    "CFO_date": "2025-09-30",
    "OperatingExpenses": 84173000,
    "OperatingExpenses_date": "2025-09-30",
    "InterestExpense": 0,
    "InterestExpense_date": "2022-09-30",
    "collected_at": "2026-01-27"
  },
  {
    "ticker": "FLGT",
    "cik": "0001674930",
    "Assets": 1214563000,
    "Assets_date": "2025-09-30",
    "CurrentAssets": 507374000,
    "CurrentAssets_date": "2025-09-30",
    "Liabilities": 93806000,
    "Liabilities_date": "2025-09-30",
    "CurrentLiabilities": 72426000,
    "CurrentLiabilities_date": "2025-09-30",
    "ShareholdersEquity": 1125888000,
    "ShareholdersEquity_date": "2025-09-30",
    "Cash": 117641000,
    "Cash_date": "2025-09-30",
    "AvailableForSaleSecurities": 26949000,
    "AvailableForSaleSecurities_date": "2018-06-30",
    "COGS": 141042000,
    "COGS_date": "2025-09-30",
    "R&D": 39735000,
    "R&D_date": "2025-09-30",
    "NetIncome": -37095000,
    "NetIncome_date": "2025-09-30",
    "Revenue": 239335000,
    "Revenue_date": "2025-09-30",
    "CFO": -23495000,
    "CFO_date": "2025-09-30",
    "OperatingExpenses": 153151000,
    "OperatingExpenses_date": "2025-09-30",
    "InterestExpense": 336000,
    "InterestExpense_date": "2023-09-30",
    "collected_at": "2026-01-27"
  },
  {
    "ticker": "FTRE",
    "cik": "0001965040",
    "Assets": 2742100000,
    "Assets_date": "2025-09-30",
    "CurrentAssets": 918500000,
    "CurrentAssets_date": "2025-09-30",
    "Liabilities": 2161300000,
    "Liabilities_date": "2025-09-30",
    "CurrentLiabilities": 914400000,
    "CurrentLiabilities_date": "2025-09-30",
    "ShareholdersEquity": 580800000,
    "ShareholdersEquity_date": "2025-09-30",
    "Cash": 131300000,
    "Cash_date": "2025-09-30",
    "NetIncome": -953700000,
    "NetIncome_date": "2025-09-30",
    "LongTermDebtCurrent": 74500000,
    "LongTermDebtCurrent_date": "2025-09-30",
    "Revenue": 2062900000,
    "Revenue_date": "2025-09-30",
    "CFO": -15600000,
    "CFO_date": "2025-09-30",
    "OperatingExpenses": 2921900000,
    "OperatingExpenses_date": "2025-09-30",
    "InterestExpense": 69800000,
    "InterestExpense_date": "2023-12-31",
    "collected_at": "2026-01-27"
  },
  {
    "ticker": "GERN",
    "cik": "0000886744",
    "Assets": 567382000,
    "Assets_date": "2025-09-30",
    "CurrentAssets": 522342000,
    "CurrentAssets_date": "2025-09-30",
    "Liabilities": 313461000,
    "Liabilities_date": "2024-12-31",
    "CurrentLiabilities": 87712000,
    "CurrentLiabilities_date": "2025-09-30",
    "ShareholdersEquity": 248707000,
    "ShareholdersEquity_date": "2025-09-30",
    "Cash": 78117000,
    "Cash_date": "2025-09-30",
    "AvailableForSaleSecurities": 141800000,
    "AvailableForSaleSecurities_date": "2018-06-30",
    "NetIncome": -54638000,
    "NetIncome_date": "2025-09-30",
    "LongTermDebtCurrent": 71562000,
    "LongTermDebtCurrent_date": "2024-09-30",
    "Revenue": 135866000,
    "Revenue_date": "2025-09-30",
    "CFO": -88970000,
    "CFO_date": "2025-09-30",
    "OperatingExpenses": 178911000,
    "OperatingExpenses_date": "2025-09-30",
    "InterestExpense": 18504000,
    "InterestExpense_date": "2024-12-31",
    "collected_at": "2026-01-27"
  },
  {
    "ticker": "GLUE",
    "cik": "0001826457",
    "Assets": 459841000,
    "Assets_date": "2025-09-30",
    "CurrentAssets": 401817000,
    "CurrentAssets_date": "2025-09-30",
    "Liabilities": 214004000,
    "Liabilities_date": "2025-09-30",
    "CurrentLiabilities": 61443000,
    "CurrentLiabilities_date": "2025-09-30",
    "ShareholdersEquity": 245837000,
    "ShareholdersEquity_date": "2025-09-30",
    "Cash": 208343000,
    "Cash_date": "2025-09-30",
    "R&D": 99521000,
    "R&D_date": "2025-09-30",
    "NetIncome": 7509000,
    "NetIncome_date": "2025-09-30",
    "CFO": 20216000,
    "CFO_date": "2025-09-30",
    "OperatingExpenses": 125384000,
    "OperatingExpenses_date": "2025-09-30",
    "collected_at": "2026-01-27"
  },
  {
    "ticker": "GPCR",
    "cik": "0001888886",
    "Assets": 832159000,
    "Assets_date": "2025-09-30",
    "CurrentAssets": 814022000,
    "CurrentAssets_date": "2025-09-30",
    "Liabilities": 62140000,
    "Liabilities_date": "2025-09-30",
    "CurrentLiabilities": 57527000,
    "CurrentLiabilities_date": "2025-09-30",
    "ShareholdersEquity": 770019000,
    "ShareholdersEquity_date": "2025-09-30",
    "Cash": 102912000,
    "Cash_date": "2025-09-30",
    "ShortTermInvestments": 696131000,
    "ShortTermInvestments_date": "2025-09-30",
    "R&D": 156566000,
    "R&D_date": "2025-09-30",
    "NetIncome": -174206000,
    "NetIncome_date": "2025-09-30",
    "CFO": -157783000,
    "CFO_date": "2025-09-30",
    "OperatingExpenses": 200549000,
    "OperatingExpenses_date": "2025-09-30",
    "collected_at": "2026-01-27"
  },
  {
    "ticker": "GRAL",
    "cik": "0001699031",
    "Assets": 2601031000,
    "Assets_date": "2025-09-30",
    "CurrentAssets": 589381000,
    "CurrentAssets_date": "2025-09-30",
    "Liabilities": 361068000,
    "Liabilities_date": "2025-09-30",
    "CurrentLiabilities": 77433000,
    "CurrentLiabilities_date": "2025-09-30",
    "ShareholdersEquity": 2239963000,
    "ShareholdersEquity_date": "2025-09-30",
    "Cash": 126892000,
    "Cash_date": "2025-09-30",
    "R&D": 148898000,
    "R&D_date": "2025-09-30",
    "NetIncome": -309175000,
    "NetIncome_date": "2025-09-30",
    "Revenue": 103575000,
    "Revenue_date": "2025-09-30",
    "CFO": -235222000,
    "CFO_date": "2025-09-30",
    "OperatingExpenses": 541327000,
    "OperatingExpenses_date": "2025-09-30",
    "collected_at": "2026-01-27"
  },
  {
    "ticker": "HUMA",
    "cik": "0001818382",
    "Assets": 91509000,
    "Assets_date": "2025-09-30",
    "CurrentAssets": 41351000,
    "CurrentAssets_date": "2025-09-30",
    "Liabilities": 96260000,
    "Liabilities_date": "2025-09-30",
    "CurrentLiabilities": 25581000,
    "CurrentLiabilities_date": "2025-09-30",
    "ShareholdersEquity": -4751000,
    "ShareholdersEquity_date": "2025-09-30",
    "Cash": 19488000,
    "Cash_date": "2025-09-30",
    "ShortTermInvestments": 0,
    "ShortTermInvestments_date": "2023-12-31",
    "R&D": 54697000,
    "R&D_date": "2025-09-30",
    "NetIncome": -16029000,
    "NetIncome_date": "2025-09-30",
    "LongTermDebt": 30000000,
    "LongTermDebt_date": "2022-06-30",
    "Revenue": 1571000,
    "Revenue_date": "2025-09-30",
    "CFO": -78918000,
    "CFO_date": "2025-09-30",
    "OperatingExpenses": 78872000,
    "OperatingExpenses_date": "2025-09-30",
    "InterestExpense": 1816000,
    "InterestExpense_date": "2024-03-31",
    "collected_at": "2026-01-27"
  },
  {
    "ticker": "IBRX",
    "cik": "0001326110",
    "Assets": 518987000,
    "Assets_date": "2025-09-30",
    "CurrentAssets": 329497000,
    "CurrentAssets_date": "2025-09-30",
    "Liabilities": 1042397000,
    "Liabilities_date": "2025-09-30",
    "CurrentLiabilities": 57134000,
    "CurrentLiabilities_date": "2025-09-30",
    "ShareholdersEquity": -524319000,
    "ShareholdersEquity_date": "2025-09-30",
    "Cash": 60241000,
    "Cash_date": "2025-09-30",
    "MarketableSecurities": 197572000,
    "MarketableSecurities_date": "2025-09-30",
    "AvailableForSaleSecurities": 136349000,
    "AvailableForSaleSecurities_date": "2015-12-31",
    "R&D": 190144000,
    "R&D_date": "2024-12-31",
    "NetIncome": -289454000,
    "NetIncome_date": "2025-09-30",
    "Revenue": 75003000,
    "Revenue_date": "2025-09-30",
    "CFO": -234558000,
    "CFO_date": "2025-09-30",
    "OperatingExpenses": 266347000,
    "OperatingExpenses_date": "2025-09-30",
    "InterestExpense": 46043000,
    "InterestExpense_date": "2025-09-30",
    "collected_at": "2026-01-27"
  },
  {
    "ticker": "IDYA",
    "cik": "0001676725",
    "Assets": 1185136000,
    "Assets_date": "2025-09-30",
    "CurrentAssets": 802655000,
    "CurrentAssets_date": "2025-09-30",
    "Liabilities": 93102000,
    "Liabilities_date": "2025-09-30",
    "CurrentLiabilities": 64509000,
    "CurrentLiabilities_date": "2025-09-30",
    "ShareholdersEquity": 1092034000,
    "ShareholdersEquity_date": "2025-09-30",
    "Cash": 298927000,
    "Cash_date": "2025-09-30",
    "MarketableSecurities": 487967000,
    "MarketableSecurities_date": "2025-09-30",
    "R&D": 228105000,
    "R&D_date": "2025-09-30",
    "NetIncome": -30425000,
    "NetIncome_date": "2025-09-30",
    "Revenue": 207834000,
    "Revenue_date": "2025-09-30",
    "CFO": 19398000,
    "CFO_date": "2025-09-30",
    "OperatingExpenses": 272577000,
    "OperatingExpenses_date": "2025-09-30",
    "collected_at": "2026-01-27"
  },
  {
    "ticker": "ILMN",
    "cik": "0001110803",
    "Assets": 6177000000,
    "Assets_date": "2025-09-28",
    "CurrentAssets": 2796000000,
    "CurrentAssets_date": "2025-09-28",
    "CurrentLiabilities": 1962000000,
    "CurrentLiabilities_date": "2025-09-28",
    "ShareholdersEquity": 2381000000,
    "ShareholdersEquity_date": "2025-09-28",
    "Cash": 1144000000,
    "Cash_date": "2018-12-30",
    "ShortTermInvestments": 228000000,
    "ShortTermInvestments_date": "2025-09-28",
    "COGS": 1073000000,
    "COGS_date": "2025-09-28",
    "R&D": 728000000,
    "R&D_date": "2025-09-28",
    "NetIncome": 516000000,
    "NetIncome_date": "2025-09-28",
    "LongTermDebt": 838000000,
    "LongTermDebt_date": "2018-12-31",
    "LongTermDebtCurrent": 499000000,
    "LongTermDebtCurrent_date": "2022-04-03",
    "Revenue": 3184000000,
    "Revenue_date": "2025-09-28",
    "CFO": 758000000,
    "CFO_date": "2025-09-28",
    "OperatingExpenses": 1505000000,
    "OperatingExpenses_date": "2025-09-28",
    "InterestExpense": 18000000,
    "InterestExpense_date": "2024-03-31",
    "collected_at": "2026-01-27"
  },
  {
    "ticker": "IMRX",
    "cik": "0001790340",
    "Assets": 241056266,
    "Assets_date": "2025-09-30",
    "CurrentAssets": 229101829,
    "CurrentAssets_date": "2025-09-30",
    "Liabilities": 13079834,
    "Liabilities_date": "2025-09-30",
    "CurrentLiabilities": 9545265,
    "CurrentLiabilities_date": "2025-09-30",
    "ShareholdersEquity": 227976432,
    "ShareholdersEquity_date": "2025-09-30",
    "Cash": 227563077,
    "Cash_date": "2025-09-30",
    "MarketableSecurities": 32887970,
    "MarketableSecurities_date": "2022-12-31",
    "COGS": 0,
    "COGS_date": "2023-12-31",
    "R&D": 32793835,
    "R&D_date": "2025-09-30",
    "NetIncome": -44444888,
    "NetIncome_date": "2025-09-30",
    "Revenue": 0,
    "Revenue_date": "2023-12-31",
    "CFO": -35503997,
    "CFO_date": "2025-09-30",
    "OperatingExpenses": 45623250,
    "OperatingExpenses_date": "2025-09-30",
    "collected_at": "2026-01-27"
  },
  {
    "ticker": "INBX",
    "cik": "0002007919",
    "Assets": 177471000,
    "Assets_date": "2025-09-30",
    "CurrentAssets": 161423000,
    "CurrentAssets_date": "2025-09-30",
    "Liabilities": 140641000,
    "Liabilities_date": "2025-09-30",
    "CurrentLiabilities": 35983000,
    "CurrentLiabilities_date": "2025-09-30",
    "ShareholdersEquity": 36830000,
    "ShareholdersEquity_date": "2025-09-30",
    "Cash": 153088000,
    "Cash_date": "2025-09-30",
    "R&D": 87679000,
    "R&D_date": "2025-09-30",
    "NetIncome": -107221000,
    "NetIncome_date": "2025-09-30",
    "Revenue": 1300000,
    "Revenue_date": "2025-09-30",
    "CFO": -99672000,
    "CFO_date": "2025-09-30",
    "OperatingExpenses": 105402000,
    "OperatingExpenses_date": "2025-09-30",
    "collected_at": "2026-01-27"
  },
  {
    "ticker": "INSM",
    "cik": "0001104506",
    "Assets": 2360736000,
    "Assets_date": "2025-09-30",
    "CurrentAssets": 1931807000,
    "CurrentAssets_date": "2025-09-30",
    "Liabilities": 1415165000,
    "Liabilities_date": "2025-09-30",
    "CurrentLiabilities": 417214000,
    "CurrentLiabilities_date": "2025-09-30",
    "ShareholdersEquity": 945571000,
    "ShareholdersEquity_date": "2025-09-30",
    "Cash": 334764000,
    "Cash_date": "2025-09-30",
    "MarketableSecurities": 1345222000,
    "MarketableSecurities_date": "2025-09-30",
    "ShortTermInvestments": 0,
    "ShortTermInvestments_date": "2012-12-31",
    "R&D": 516182000,
    "R&D_date": "2025-09-30",
    "NetIncome": -948290000,
    "NetIncome_date": "2025-09-30",
    "LongTermDebt": 546770000,
    "LongTermDebt_date": "2025-09-30",
    "LongTermDebtCurrent": 224448000,
    "LongTermDebtCurrent_date": "2024-06-30",
    "Revenue": 342580000,
    "Revenue_date": "2025-09-30",
    "CFO": -687418000,
    "CFO_date": "2025-09-30",
    "OperatingExpenses": 1269601000,
    "OperatingExpenses_date": "2025-09-30",
    "InterestExpense": 42814000,
    "InterestExpense_date": "2025-06-30",
    "collected_at": "2026-01-27"
  },
  {
    "ticker": "IOVA",
    "cik": "0001425205",
    "Assets": 904948000,
    "Assets_date": "2025-09-30",
    "CurrentAssets": 429091000,
    "CurrentAssets_date": "2025-09-30",
    "Liabilities": 202661000,
    "Liabilities_date": "2025-09-30",
    "CurrentLiabilities": 125785000,
    "CurrentLiabilities_date": "2025-09-30",
    "ShareholdersEquity": 702287000,
    "ShareholdersEquity_date": "2025-09-30",
    "Cash": 158134000,
    "Cash_date": "2025-09-30",
    "ShortTermInvestments": 142669000,
    "ShortTermInvestments_date": "2025-09-30",
    "AvailableForSaleSecurities": 193112000,
    "AvailableForSaleSecurities_date": "2020-03-31",
    "COGS": 130073000,
    "COGS_date": "2025-09-30",
    "R&D": 229067000,
    "R&D_date": "2025-09-30",
    "NetIncome": -319074000,
    "NetIncome_date": "2025-09-30",
    "Revenue": 176731000,
    "Revenue_date": "2025-09-30",
    "CFO": -249843000,
    "CFO_date": "2025-09-30",
    "OperatingExpenses": 506627000,
    "OperatingExpenses_date": "2025-09-30",
    "InterestExpense": -5660,
    "InterestExpense_date": "2014-12-31",
    "collected_at": "2026-01-27"
  },
  {
    "ticker": "IRON",
    "cik": "0001816736",
    "Assets": 630456000,
    "Assets_date": "2025-09-30",
    "CurrentAssets": 627168000,
    "CurrentAssets_date": "2025-09-30",
    "Liabilities": 57065000,
    "Liabilities_date": "2025-09-30",
    "CurrentLiabilities": 26744000,
    "CurrentLiabilities_date": "2025-09-30",
    "ShareholdersEquity": 573391000,
    "ShareholdersEquity_date": "2025-09-30",
    "Cash": 140664000,
    "Cash_date": "2025-09-30",
    "MarketableSecurities": 475256000,
    "MarketableSecurities_date": "2025-09-30",
    "R&D": 124416000,
    "R&D_date": "2025-09-30",
    "NetIncome": -151653000,
    "NetIncome_date": "2025-09-30",
    "LongTermDebt": 28948000,
    "LongTermDebt_date": "2025-09-30",
    "LongTermDebtCurrent": 11689000,
    "LongTermDebtCurrent_date": "2020-12-31",
    "CFO": -137093000,
    "CFO_date": "2025-09-30",
    "OperatingExpenses": 169052000,
    "OperatingExpenses_date": "2025-09-30",
    "InterestExpense": 155000,
    "InterestExpense_date": "2022-09-30",
    "collected_at": "2026-01-27"
  },
  {
    "ticker": "JANX",
    "cik": "0001817713",
    "Assets": 1024766000,
    "Assets_date": "2025-09-30",
    "CurrentAssets": 998086000,
    "CurrentAssets_date": "2025-09-30",
    "Liabilities": 48211000,
    "Liabilities_date": "2025-09-30",
    "CurrentLiabilities": 27831000,
    "CurrentLiabilities_date": "2025-09-30",
    "ShareholdersEquity": 976555000,
    "ShareholdersEquity_date": "2025-09-30",
    "Cash": 48389000,
    "Cash_date": "2025-09-30",
    "ShortTermInvestments": 940604000,
    "ShortTermInvestments_date": "2025-09-30",
    "R&D": 94348000,
    "R&D_date": "2025-09-30",
    "NetIncome": -81679000,
    "NetIncome_date": "2025-09-30",
    "CFO": -53693000,
    "CFO_date": "2025-09-30",
    "OperatingExpenses": 125266000,
    "OperatingExpenses_date": "2025-09-30",
    "collected_at": "2026-01-27"
  },
  {
    "ticker": "KOD",
    "cik": "0001468748",
    "Assets": 218069000,
    "Assets_date": "2025-09-30",
    "CurrentAssets": 75728000,
    "CurrentAssets_date": "2025-09-30",
    "Liabilities": 194377000,
    "Liabilities_date": "2025-09-30",
    "CurrentLiabilities": 42429000,
    "CurrentLiabilities_date": "2025-09-30",
    "ShareholdersEquity": 23692000,
    "ShareholdersEquity_date": "2025-09-30",
    "Cash": 72038000,
    "Cash_date": "2025-09-30",
    "MarketableSecurities": 0,
    "MarketableSecurities_date": "2023-12-31",
    "R&D": 136880000,
    "R&D_date": "2025-09-30",
    "NetIncome": -173231000,
    "NetIncome_date": "2025-09-30",
    "CFO": -96630000,
    "CFO_date": "2025-09-30",
    "OperatingExpenses": 176935000,
    "OperatingExpenses_date": "2025-09-30",
    "InterestExpense": 0,
    "InterestExpense_date": "2024-12-31",
    "collected_at": "2026-01-27"
  },
  {
    "ticker": "KROS",
    "cik": "0001664710",
    "Assets": 742783000,
    "Assets_date": "2025-09-30",
    "CurrentAssets": 719307000,
    "CurrentAssets_date": "2025-09-30",
    "Liabilities": 39203000,
    "Liabilities_date": "2025-09-30",
    "CurrentLiabilities": 24092000,
    "CurrentLiabilities_date": "2025-09-30",
    "ShareholdersEquity": 703580000,
    "ShareholdersEquity_date": "2025-09-30",
    "Cash": 693472000,
    "Cash_date": "2025-09-30",
    "R&D": 111731000,
    "R&D_date": "2025-09-30",
    "NetIncome": 110475000,
    "NetIncome_date": "2025-09-30",
    "Revenue": 243676000,
    "Revenue_date": "2025-09-30",
    "CFO": 134797000,
    "CFO_date": "2025-09-30",
    "OperatingExpenses": 146837000,
    "OperatingExpenses_date": "2025-09-30",
    "InterestExpense": 0,
    "InterestExpense_date": "2024-12-31",
    "collected_at": "2026-01-27"
  },
  {
    "ticker": "KURA",
    "cik": "0001422143",
    "Assets": 649381000,
    "Assets_date": "2025-09-30",
    "CurrentAssets": 620663000,
    "CurrentAssets_date": "2025-09-30",
    "Liabilities": 406839000,
    "Liabilities_date": "2025-09-30",
    "CurrentLiabilities": 121304000,
    "CurrentLiabilities_date": "2025-09-30",
    "ShareholdersEquity": 242542000,
    "ShareholdersEquity_date": "2025-09-30",
    "Cash": 95287000,
    "Cash_date": "2025-09-30",
    "AvailableForSaleSecurities": 166855000,
    "AvailableForSaleSecurities_date": "2018-09-30",
    "R&D": 186666000,
    "R&D_date": "2025-09-30",
    "NetIncome": -197667000,
    "NetIncome_date": "2025-09-30",
    "LongTermDebt": 9523000,
    "LongTermDebt_date": "2024-12-31",
    "LongTermDebtCurrent": 4337000,
    "LongTermDebtCurrent_date": "2025-09-30",
    "Revenue": 50146000,
    "Revenue_date": "2025-09-30",
    "CFO": -181331000,
    "CFO_date": "2025-09-30",
    "OperatingExpenses": 267509000,
    "OperatingExpenses_date": "2025-09-30",
    "InterestExpense": 804000,
    "InterestExpense_date": "2024-06-30",
    "collected_at": "2026-01-27"
  },
  {
    "ticker": "KYTX",
    "cik": "0001994702",
    "Assets": 187156000,
    "Assets_date": "2025-09-30",
    "CurrentAssets": 174925000,
    "CurrentAssets_date": "2025-09-30",
    "Liabilities": 35210000,
    "Liabilities_date": "2025-09-30",
    "CurrentLiabilities": 33871000,
    "CurrentLiabilities_date": "2025-09-30",
    "ShareholdersEquity": 151946000,
    "ShareholdersEquity_date": "2025-09-30",
    "Cash": 34164000,
    "Cash_date": "2025-09-30",
    "MarketableSecurities": 136974000,
    "MarketableSecurities_date": "2025-09-30",
    "R&D": 103706000,
    "R&D_date": "2025-09-30",
    "NetIncome": -123503000,
    "NetIncome_date": "2025-09-30",
    "CFO": -120185000,
    "CFO_date": "2025-09-30",
    "OperatingExpenses": 130545000,
    "OperatingExpenses_date": "2025-09-30",
    "InterestExpense": 83000,
    "InterestExpense_date": "2024-06-30",
    "collected_at": "2026-01-27"
  },
  {
    "ticker": "LAB",
    "cik": "0001162194",
    "Assets": 539636000,
    "Assets_date": "2025-09-30",
    "CurrentAssets": 472439000,
    "CurrentAssets_date": "2025-09-30",
    "Liabilities": 139977000,
    "Liabilities_date": "2025-09-30",
    "CurrentLiabilities": 107965000,
    "CurrentLiabilities_date": "2025-09-30",
    "ShareholdersEquity": 399659000,
    "ShareholdersEquity_date": "2025-09-30",
    "Cash": 129418000,
    "Cash_date": "2025-09-30",
    "ShortTermInvestments": 40874000,
    "ShortTermInvestments_date": "2023-03-31",
    "AvailableForSaleSecurities": 47049000,
    "AvailableForSaleSecurities_date": "2011-09-30",
    "COGS": 300000,
    "COGS_date": "2016-12-31",
    "R&D": 18018000,
    "R&D_date": "2025-09-30",
    "NetIncome": -94179000,
    "NetIncome_date": "2025-09-30",
    "LongTermDebt": 299000,
    "LongTermDebt_date": "2024-12-31",
    "LongTermDebtCurrent": 0,
    "LongTermDebtCurrent_date": "2012-12-31",
    "Revenue": 61536000,
    "Revenue_date": "2025-09-30",
    "CFO": -73153000,
    "CFO_date": "2025-09-30",
    "OperatingExpenses": 116766000,
    "OperatingExpenses_date": "2025-09-30",
    "InterestExpense": 4567000,
    "InterestExpense_date": "2023-12-31",
    "collected_at": "2026-01-27"
  },
  {
    "ticker": "LCTX",
    "cik": "0000876343",
    "Assets": 89639000,
    "Assets_date": "2025-09-30",
    "CurrentAssets": 42260000,
    "CurrentAssets_date": "2025-09-30",
    "Liabilities": 68843000,
    "Liabilities_date": "2025-09-30",
    "CurrentLiabilities": 9382000,
    "CurrentLiabilities_date": "2025-09-30",
    "ShareholdersEquity": 22040000,
    "ShareholdersEquity_date": "2025-09-30",
    "Cash": 40463000,
    "Cash_date": "2025-09-30",
    "MarketableSecurities": 23000,
    "MarketableSecurities_date": "2025-09-30",
    "COGS": 36000,
    "COGS_date": "2025-03-31",
    "R&D": 9491000,
    "R&D_date": "2025-09-30",
    "NetIncome": -64384000,
    "NetIncome_date": "2025-09-30",
    "Revenue": 7948000,
    "Revenue_date": "2025-09-30",
    "CFO": -14041000,
    "CFO_date": "2025-09-30",
    "OperatingExpenses": 38019000,
    "OperatingExpenses_date": "2025-09-30",
    "collected_at": "2026-01-27"
  },
  {
    "ticker": "LENZ",
    "cik": "0001815776",
    "Assets": 210704000,
    "Assets_date": "2025-09-30",
    "CurrentAssets": 206997000,
    "CurrentAssets_date": "2025-09-30",
    "Liabilities": 16777000,
    "Liabilities_date": "2025-09-30",
    "CurrentLiabilities": 16316000,
    "CurrentLiabilities_date": "2025-09-30",
    "ShareholdersEquity": 193927000,
    "ShareholdersEquity_date": "2025-09-30",
    "Cash": 25399000,
    "Cash_date": "2025-09-30",
    "R&D": 18670000,
    "R&D_date": "2025-09-30",
    "NetIncome": -46231000,
    "NetIncome_date": "2025-09-30",
    "CFO": -36145000,
    "CFO_date": "2025-09-30",
    "OperatingExpenses": 70175000,
    "OperatingExpenses_date": "2025-09-30",
    "collected_at": "2026-01-27"
  },
  {
    "ticker": "LRMR",
    "cik": "0001374690",
    "Assets": 187350000,
    "Assets_date": "2025-09-30",
    "CurrentAssets": 183223000,
    "CurrentAssets_date": "2025-09-30",
    "Liabilities": 48312000,
    "Liabilities_date": "2025-09-30",
    "CurrentLiabilities": 45116000,
    "CurrentLiabilities_date": "2025-09-30",
    "ShareholdersEquity": 139038000,
    "ShareholdersEquity_date": "2025-09-30",
    "Cash": 90140000,
    "Cash_date": "2025-09-30",
    "R&D": 94851000,
    "R&D_date": "2025-09-30",
    "NetIncome": -103175000,
    "NetIncome_date": "2025-09-30",
    "LongTermDebt": 14545000,
    "LongTermDebt_date": "2019-12-31",
    "Revenue": 0,
    "Revenue_date": "2020-03-31",
    "CFO": -45921000,
    "CFO_date": "2025-06-30",
    "OperatingExpenses": 108479000,
    "OperatingExpenses_date": "2025-09-30",
    "InterestExpense": 301000,
    "InterestExpense_date": "2020-03-31",
    "collected_at": "2026-01-27"
  },
  {
    "ticker": "LXEO",
    "cik": "0001907108",
    "Assets": 143844000,
    "Assets_date": "2025-09-30",
    "CurrentAssets": 127793000,
    "CurrentAssets_date": "2025-09-30",
    "Liabilities": 23013000,
    "Liabilities_date": "2025-09-30",
    "CurrentLiabilities": 17271000,
    "CurrentLiabilities_date": "2025-09-30",
    "ShareholdersEquity": 120831000,
    "ShareholdersEquity_date": "2025-09-30",
    "Cash": 40996000,
    "Cash_date": "2025-09-30",
    "ShortTermInvestments": 70918000,
    "ShortTermInvestments_date": "2025-03-31",
    "R&D": 47587000,
    "R&D_date": "2025-09-30",
    "NetIncome": -79042000,
    "NetIncome_date": "2025-09-30",
    "Revenue": 654000,
    "Revenue_date": "2022-12-31",
    "CFO": -78482000,
    "CFO_date": "2025-09-30",
    "OperatingExpenses": 86141000,
    "OperatingExpenses_date": "2025-09-30",
    "InterestExpense": 72000,
    "InterestExpense_date": "2024-06-30",
    "collected_at": "2026-01-27"
  },
  {
    "ticker": "LYEL",
    "cik": "0001806952",
    "Assets": 407965000,
    "Assets_date": "2025-09-30",
    "CurrentAssets": 328201000,
    "CurrentAssets_date": "2025-09-30",
    "Liabilities": 78844000,
    "Liabilities_date": "2025-09-30",
    "CurrentLiabilities": 31878000,
    "CurrentLiabilities_date": "2025-09-30",
    "ShareholdersEquity": 329121000,
    "ShareholdersEquity_date": "2025-09-30",
    "Cash": 123575000,
    "Cash_date": "2025-09-30",
    "MarketableSecurities": 196049000,
    "MarketableSecurities_date": "2025-09-30",
    "R&D": 106476000,
    "R&D_date": "2025-09-30",
    "NetIncome": -133725000,
    "NetIncome_date": "2025-09-30",
    "Revenue": 30000,
    "Revenue_date": "2025-09-30",
    "CFO": -117773000,
    "CFO_date": "2025-09-30",
    "OperatingExpenses": 141790000,
    "OperatingExpenses_date": "2025-09-30",
    "collected_at": "2026-01-27"
  },
  {
    "ticker": "MAZE",
    "cik": "0001842295",
    "Assets": 422058000,
    "Assets_date": "2025-09-30",
    "CurrentAssets": 391302000,
    "CurrentAssets_date": "2025-09-30",
    "Liabilities": 42622000,
    "Liabilities_date": "2025-09-30",
    "CurrentLiabilities": 22112000,
    "CurrentLiabilities_date": "2025-09-30",
    "ShareholdersEquity": 379436000,
    "ShareholdersEquity_date": "2025-09-30",
    "Cash": 316773000,
    "Cash_date": "2025-09-30",
    "MarketableSecurities": 67162000,
    "MarketableSecurities_date": "2025-09-30",
    "R&D": 80878000,
    "R&D_date": "2025-09-30",
    "NetIncome": -96552000,
    "NetIncome_date": "2025-09-30",
    "Revenue": 0,
    "Revenue_date": "2025-06-30",
    "CFO": -84210000,
    "CFO_date": "2025-09-30",
    "OperatingExpenses": 104840000,
    "OperatingExpenses_date": "2025-09-30",
    "collected_at": "2026-01-27"
  },
  {
    "ticker": "MBX",
    "cik": "0001776111",
    "Assets": 400076000,
    "Assets_date": "2025-09-30",
    "CurrentAssets": 397502000,
    "CurrentAssets_date": "2025-09-30",
    "Liabilities": 12538000,
    "Liabilities_date": "2025-09-30",
    "CurrentLiabilities": 12062000,
    "CurrentLiabilities_date": "2025-09-30",
    "ShareholdersEquity": 387538000,
    "ShareholdersEquity_date": "2025-09-30",
    "Cash": 223125000,
    "Cash_date": "2025-09-30",
    "MarketableSecurities": 168548000,
    "MarketableSecurities_date": "2025-09-30",
    "R&D": 59400000,
    "R&D_date": "2025-09-30",
    "NetIncome": -64909000,
    "NetIncome_date": "2025-09-30",
    "CFO": -61648000,
    "CFO_date": "2025-09-30",
    "OperatingExpenses": 72260000,
    "OperatingExpenses_date": "2025-09-30",
    "collected_at": "2026-01-27"
  },
  {
    "ticker": "MEDP",
    "cik": "0001668397",
    "Assets": 1753012000,
    "Assets_date": "2025-09-30",
    "CurrentAssets": 737285000,
    "CurrentAssets_date": "2025-09-30",
    "Liabilities": 1459371000,
    "Liabilities_date": "2025-09-30",
    "CurrentLiabilities": 1283914000,
    "CurrentLiabilities_date": "2025-09-30",
    "ShareholdersEquity": 293641000,
    "ShareholdersEquity_date": "2025-09-30",
    "Cash": 285351000,
    "Cash_date": "2025-09-30",
    "NetIncome": 315990000,
    "NetIncome_date": "2025-09-30",
    "LongTermDebt": 161906000,
    "LongTermDebt_date": "2017-03-31",
    "LongTermDebtCurrent": 0,
    "LongTermDebtCurrent_date": "2018-12-31",
    "Revenue": 1821784000,
    "Revenue_date": "2025-09-30",
    "CFO": 520571000,
    "CFO_date": "2025-09-30",
    "OperatingExpenses": 1440118000,
    "OperatingExpenses_date": "2025-09-30",
    "collected_at": "2026-01-27"
  },
  {
    "ticker": "MGTX",
    "cik": "0001735438",
    "Assets": 189471000,
    "Assets_date": "2025-09-30",
    "CurrentAssets": 34174000,
    "CurrentAssets_date": "2025-09-30",
    "Liabilities": 230028000,
    "Liabilities_date": "2025-09-30",
    "CurrentLiabilities": 152922000,
    "CurrentLiabilities_date": "2025-09-30",
    "ShareholdersEquity": -40557000,
    "ShareholdersEquity_date": "2025-09-30",
    "Cash": 14841000,
    "Cash_date": "2025-09-30",
    "R&D": 98807000,
    "R&D_date": "2025-09-30",
    "NetIncome": -129289000,
    "NetIncome_date": "2025-09-30",
    "Revenue": 6027000,
    "Revenue_date": "2025-09-30",
    "CFO": -92990000,
    "CFO_date": "2025-09-30",
    "OperatingExpenses": 138467000,
    "OperatingExpenses_date": "2025-09-30",
    "InterestExpense": 9142000,
    "InterestExpense_date": "2025-09-30",
    "collected_at": "2026-01-27"
  },
  {
    "ticker": "MIRM",
    "cik": "0001759425",
    "Assets": 785115000,
    "Assets_date": "2025-09-30",
    "CurrentAssets": 530575000,
    "CurrentAssets_date": "2025-09-30",
    "Liabilities": 493069000,
    "Liabilities_date": "2025-09-30",
    "CurrentLiabilities": 160359000,
    "CurrentLiabilities_date": "2025-09-30",
    "ShareholdersEquity": 292046000,
    "ShareholdersEquity_date": "2025-09-30",
    "Cash": 282021000,
    "Cash_date": "2025-09-30",
    "ShortTermInvestments": 93527000,
    "ShortTermInvestments_date": "2025-09-30",
    "R&D": 28611000,
    "R&D_date": "2019-09-30",
    "NetIncome": -17633000,
    "NetIncome_date": "2025-09-30",
    "Revenue": 372380000,
    "Revenue_date": "2025-09-30",
    "CFO": 49760000,
    "CFO_date": "2025-09-30",
    "OperatingExpenses": 389949000,
    "OperatingExpenses_date": "2025-09-30",
    "collected_at": "2026-01-27"
  },
  {
    "ticker": "MLYS",
    "cik": "0001933414",
    "Assets": 599947000,
    "Assets_date": "2025-09-30",
    "CurrentAssets": 599796000,
    "CurrentAssets_date": "2025-09-30",
    "CurrentLiabilities": 23520000,
    "CurrentLiabilities_date": "2025-09-30",
    "ShareholdersEquity": 576427000,
    "ShareholdersEquity_date": "2025-09-30",
    "Cash": 217597000,
    "Cash_date": "2025-09-30",
    "R&D": 107607000,
    "R&D_date": "2025-09-30",
    "NetIncome": -122417000,
    "NetIncome_date": "2025-09-30",
    "CFO": -104528000,
    "CFO_date": "2025-09-30",
    "OperatingExpenses": 132324000,
    "OperatingExpenses_date": "2025-09-30",
    "collected_at": "2026-01-27"
  },
  {
    "ticker": "MNKD",
    "cik": "0000899460",
    "Assets": 494640000,
    "Assets_date": "2025-09-30",
    "CurrentAssets": 358837000,
    "CurrentAssets_date": "2025-09-30",
    "Liabilities": 539192000,
    "Liabilities_date": "2025-09-30",
    "CurrentLiabilities": 109130000,
    "CurrentLiabilities_date": "2025-09-30",
    "ShareholdersEquity": -44552000,
    "ShareholdersEquity_date": "2025-09-30",
    "Cash": 127392000,
    "Cash_date": "2025-09-30",
    "ShortTermInvestments": 132643000,
    "ShortTermInvestments_date": "2025-09-30",
    "AvailableForSaleSecurities": 350000,
    "AvailableForSaleSecurities_date": "2012-09-30",
    "NetIncome": 21811000,
    "NetIncome_date": "2025-09-30",
    "LongTermDebt": 109652000,
    "LongTermDebt_date": "2025-09-30",
    "LongTermDebtCurrent": 45379000,
    "LongTermDebtCurrent_date": "2020-09-30",
    "ConvertibleDebt": 98439000,
    "ConvertibleDebt_date": "2013-12-31",
    "Revenue": 237011000,
    "Revenue_date": "2025-09-30",
    "CFO": 26213000,
    "CFO_date": "2025-09-30",
    "OperatingExpenses": 190523000,
    "OperatingExpenses_date": "2025-09-30",
    "InterestExpense": 8618000,
    "InterestExpense_date": "2024-06-30",
    "collected_at": "2026-01-27"
  },
  {
    "ticker": "MNMD",
    "cik": "0001813814",
    "Assets": 236916000,
    "Assets_date": "2025-09-30",
    "CurrentAssets": 215848000,
    "CurrentAssets_date": "2025-09-30",
    "Liabilities": 106320000,
    "Liabilities_date": "2025-09-30",
    "CurrentLiabilities": 65416000,
    "CurrentLiabilities_date": "2025-09-30",
    "ShareholdersEquity": 130596000,
    "ShareholdersEquity_date": "2025-09-30",
    "Cash": 19959000,
    "Cash_date": "2025-09-30",
    "ShortTermInvestments": 189111000,
    "ShortTermInvestments_date": "2025-09-30",
    "R&D": 84144000,
    "R&D_date": "2025-09-30",
    "NetIncome": -133357000,
    "NetIncome_date": "2025-09-30",
    "CFO": -88585000,
    "CFO_date": "2025-09-30",
    "OperatingExpenses": 118731000,
    "OperatingExpenses_date": "2025-09-30",
    "InterestExpense": 4214000,
    "InterestExpense_date": "2025-09-30",
    "collected_at": "2026-01-27"
  },
  {
    "ticker": "MYGN",
    "cik": "0000899923",
    "Assets": 728100000,
    "Assets_date": "2025-09-30",
    "CurrentAssets": 344800000,
    "CurrentAssets_date": "2025-09-30",
    "Liabilities": 355300000,
    "Liabilities_date": "2025-09-30",
    "CurrentLiabilities": 148000000,
    "CurrentLiabilities_date": "2025-09-30",
    "ShareholdersEquity": 372800000,
    "ShareholdersEquity_date": "2025-09-30",
    "Cash": 145400000,
    "Cash_date": "2025-09-30",
    "MarketableSecurities": 0,
    "MarketableSecurities_date": "2024-12-31",
    "COGS": 110700000,
    "COGS_date": "2018-03-31",
    "R&D": 81300000,
    "R&D_date": "2025-09-30",
    "NetIncome": -358000000,
    "NetIncome_date": "2025-09-30",
    "LongTermDebt": 119500000,
    "LongTermDebt_date": "2025-09-30",
    "LongTermDebtCurrent": 59400000,
    "LongTermDebtCurrent_date": "2025-06-30",
    "Revenue": 614700000,
    "Revenue_date": "2025-09-30",
    "CFO": -8800000,
    "CFO_date": "2025-09-30",
    "OperatingExpenses": 811300000,
    "OperatingExpenses_date": "2025-09-30",
    "InterestExpense": 500000,
    "InterestExpense_date": "2024-03-31",
    "collected_at": "2026-01-27"
  },
  {
    "ticker": "NAMS",
    "cik": "0001936258",
    "Assets": 786427000,
    "Assets_date": "2025-09-30",
    "CurrentAssets": 732328000,
    "CurrentAssets_date": "2025-09-30",
    "Liabilities": 58357000,
    "Liabilities_date": "2025-09-30",
    "CurrentLiabilities": 58272000,
    "CurrentLiabilities_date": "2025-09-30",
    "ShareholdersEquity": 728070000,
    "ShareholdersEquity_date": "2025-09-30",
    "Cash": 538407000,
    "Cash_date": "2025-09-30",
    "MarketableSecurities": 164539000,
    "MarketableSecurities_date": "2025-09-30",
    "R&D": 103238000,
    "R&D_date": "2025-09-30",
    "NetIncome": -128896000,
    "NetIncome_date": "2025-09-30",
    "Revenue": 22471000,
    "Revenue_date": "2025-09-30",
    "CFO": -106908000,
    "CFO_date": "2025-09-30",
    "OperatingExpenses": 182174000,
    "OperatingExpenses_date": "2025-09-30",
    "InterestExpense": 287000,
    "InterestExpense_date": "2022-12-31",
    "collected_at": "2026-01-27"
  },
  {
    "ticker": "NBIX",
    "cik": "0000914475",
    "Assets": 4265700000,
    "Assets_date": "2025-09-30",
    "CurrentAssets": 2158400000,
    "CurrentAssets_date": "2025-09-30",
    "Liabilities": 1262100000,
    "Liabilities_date": "2025-09-30",
    "CurrentLiabilities": 638000000,
    "CurrentLiabilities_date": "2025-09-30",
    "ShareholdersEquity": 3003600000,
    "ShareholdersEquity_date": "2025-09-30",
    "Cash": 340200000,
    "Cash_date": "2025-09-30",
    "MarketableSecurities": 370500000,
    "MarketableSecurities_date": "2021-12-31",
    "ShortTermInvestments": 252650000,
    "ShortTermInvestments_date": "2015-06-30",
    "AvailableForSaleSecurities": 439609000,
    "AvailableForSaleSecurities_date": "2018-09-30",
    "R&D": 73200000,
    "R&D_date": "2021-03-31",
    "NetIncome": 324900000,
    "NetIncome_date": "2025-09-30",
    "Revenue": 2055000000,
    "Revenue_date": "2025-09-30",
    "CFO": 394300000,
    "CFO_date": "2025-09-30",
    "OperatingExpenses": 1646800000,
    "OperatingExpenses_date": "2025-09-30",
    "InterestExpense": 1100000,
    "InterestExpense_date": "2024-03-31",
    "collected_at": "2026-01-27"
  },
  {
    "ticker": "NBP",
    "cik": "0001778016",
    "Assets": 206708000,
    "Assets_date": "2025-06-30",
    "CurrentAssets": 167640000,
    "CurrentAssets_date": "2025-06-30",
    "Liabilities": 9975000,
    "Liabilities_date": "2025-06-30",
    "CurrentLiabilities": 7347000,
    "CurrentLiabilities_date": "2025-06-30",
    "ShareholdersEquity": 196733000,
    "ShareholdersEquity_date": "2025-06-30",
    "Cash": 165404000,
    "Cash_date": "2025-06-30",
    "ShortTermInvestments": 210000,
    "ShortTermInvestments_date": "2025-06-30",
    "COGS": 3949000,
    "COGS_date": "2022-12-31",
    "R&D": 4071000,
    "R&D_date": "2025-06-30",
    "NetIncome": -8654000,
    "NetIncome_date": "2025-06-30",
    "Revenue": 3893000,
    "Revenue_date": "2023-12-31",
    "CFO": -7840000,
    "CFO_date": "2025-06-30",
    "OperatingExpenses": 12380000,
    "OperatingExpenses_date": "2025-06-30",
    "InterestExpense": 102000,
    "InterestExpense_date": "2023-12-31",
    "collected_at": "2026-01-27"
  },
  {
    "ticker": "NGNE",
    "cik": "0001404644",
    "Assets": 287832000,
    "Assets_date": "2025-09-30",
    "CurrentAssets": 270519000,
    "CurrentAssets_date": "2025-09-30",
    "Liabilities": 22292000,
    "Liabilities_date": "2025-09-30",
    "CurrentLiabilities": 14710000,
    "CurrentLiabilities_date": "2025-09-30",
    "ShareholdersEquity": 265540000,
    "ShareholdersEquity_date": "2025-09-30",
    "Cash": 71005000,
    "Cash_date": "2025-09-30",
    "ShortTermInvestments": 194405000,
    "ShortTermInvestments_date": "2025-09-30",
    "AvailableForSaleSecurities": 0,
    "AvailableForSaleSecurities_date": "2018-09-30",
    "R&D": 54372000,
    "R&D_date": "2025-09-30",
    "NetIncome": -65616000,
    "NetIncome_date": "2025-09-30",
    "Revenue": 0,
    "Revenue_date": "2025-09-30",
    "CFO": -59744000,
    "CFO_date": "2025-09-30",
    "OperatingExpenses": 75799000,
    "OperatingExpenses_date": "2025-09-30",
    "InterestExpense": 3000,
    "InterestExpense_date": "2024-03-31",
    "collected_at": "2026-01-27"
  },
  {
    "ticker": "NMRA",
    "cik": "0001885522",
    "Assets": 177833000,
    "Assets_date": "2025-09-30",
    "CurrentAssets": 177082000,
    "CurrentAssets_date": "2025-09-30",
    "Liabilities": 45672000,
    "Liabilities_date": "2025-09-30",
    "CurrentLiabilities": 25842000,
    "CurrentLiabilities_date": "2025-09-30",
    "ShareholdersEquity": 132161000,
    "ShareholdersEquity_date": "2025-09-30",
    "Cash": 129071000,
    "Cash_date": "2025-09-30",
    "MarketableSecurities": 42454000,
    "MarketableSecurities_date": "2025-09-30",
    "R&D": 131395000,
    "R&D_date": "2025-09-30",
    "NetIncome": -177478000,
    "NetIncome_date": "2025-09-30",
    "LongTermDebt": 19563000,
    "LongTermDebt_date": "2025-09-30",
    "LongTermDebtCurrent": 20000000,
    "LongTermDebtCurrent_date": "2025-09-30",
    "CFO": -158485000,
    "CFO_date": "2025-09-30",
    "OperatingExpenses": 182676000,
    "OperatingExpenses_date": "2025-09-30",
    "collected_at": "2026-01-27"
  },
  {
    "ticker": "NRIX",
    "cik": "0001549595",
    "Assets": 522472000,
    "Assets_date": "2025-08-31",
    "CurrentAssets": 440603000,
    "CurrentAssets_date": "2025-08-31",
    "Liabilities": 150220000,
    "Liabilities_date": "2025-08-31",
    "CurrentLiabilities": 82350000,
    "CurrentLiabilities_date": "2025-08-31",
    "ShareholdersEquity": 372252000,
    "ShareholdersEquity_date": "2025-08-31",
    "Cash": 78438000,
    "Cash_date": "2025-08-31",
    "MarketableSecurities": 216548000,
    "MarketableSecurities_date": "2023-08-31",
    "ShortTermInvestments": 244667000,
    "ShortTermInvestments_date": "2022-11-30",
    "R&D": 233879000,
    "R&D_date": "2025-08-31",
    "NetIncome": -186236000,
    "NetIncome_date": "2025-08-31",
    "Revenue": 70403000,
    "Revenue_date": "2025-08-31",
    "CFO": -181633000,
    "CFO_date": "2025-08-31",
    "OperatingExpenses": 272974000,
    "OperatingExpenses_date": "2025-08-31",
    "collected_at": "2026-01-27"
  },
  {
    "ticker": "NUVB",
    "cik": "0001811063",
    "Assets": 601561000,
    "Assets_date": "2025-09-30",
    "CurrentAssets": 577530000,
    "CurrentAssets_date": "2025-09-30",
    "Liabilities": 275679000,
    "Liabilities_date": "2025-09-30",
    "CurrentLiabilities": 68131000,
    "CurrentLiabilities_date": "2025-09-30",
    "ShareholdersEquity": 325882000,
    "ShareholdersEquity_date": "2025-09-30",
    "Cash": 98897000,
    "Cash_date": "2025-09-30",
    "MarketableSecurities": 450148000,
    "MarketableSecurities_date": "2025-09-30",
    "R&D": 80809000,
    "R&D_date": "2025-09-30",
    "NetIncome": -168035000,
    "NetIncome_date": "2025-09-30",
    "LongTermDebt": 47089000,
    "LongTermDebt_date": "2025-09-30",
    "Revenue": 21037000,
    "Revenue_date": "2025-09-30",
    "CFO": -143694000,
    "CFO_date": "2025-09-30",
    "OperatingExpenses": 192045000,
    "OperatingExpenses_date": "2025-09-30",
    "InterestExpense": 5121000,
    "InterestExpense_date": "2025-09-30",
    "collected_at": "2026-01-27"
  },
  {
    "ticker": "NUVL",
    "cik": "0001861560",
    "Assets": 979910000,
    "Assets_date": "2025-09-30",
    "CurrentAssets": 956945000,
    "CurrentAssets_date": "2025-09-30",
    "Liabilities": 134511000,
    "Liabilities_date": "2025-09-30",
    "CurrentLiabilities": 89151000,
    "CurrentLiabilities_date": "2025-09-30",
    "ShareholdersEquity": 845399000,
    "ShareholdersEquity_date": "2025-09-30",
    "Cash": 115752000,
    "Cash_date": "2025-09-30",
    "MarketableSecurities": 827351000,
    "MarketableSecurities_date": "2025-09-30",
    "R&D": 239174000,
    "R&D_date": "2025-09-30",
    "NetIncome": -306672000,
    "NetIncome_date": "2025-09-30",
    "CFO": -201881000,
    "CFO_date": "2025-09-30",
    "OperatingExpenses": 312079000,
    "OperatingExpenses_date": "2025-09-30",
    "collected_at": "2026-01-27"
  },
  {
    "ticker": "OABI",
    "cik": "0001846253",
    "Assets": 309690000,
    "Assets_date": "2025-09-30",
    "CurrentAssets": 66349000,
    "CurrentAssets_date": "2025-09-30",
    "Liabilities": 32246000,
    "Liabilities_date": "2025-09-30",
    "CurrentLiabilities": 13277000,
    "CurrentLiabilities_date": "2025-09-30",
    "ShareholdersEquity": 277444000,
    "ShareholdersEquity_date": "2025-09-30",
    "Cash": 28537000,
    "Cash_date": "2025-09-30",
    "R&D": 33845000,
    "R&D_date": "2025-09-30",
    "NetIncome": -50600000,
    "NetIncome_date": "2025-09-30",
    "Revenue": 10290000,
    "Revenue_date": "2025-09-30",
    "CFO": -30781000,
    "CFO_date": "2025-09-30",
    "OperatingExpenses": 63493000,
    "OperatingExpenses_date": "2025-09-30",
    "InterestExpense": 0,
    "InterestExpense_date": "2022-12-31",
    "collected_at": "2026-01-27"
  },
  {
    "ticker": "OLMA",
    "cik": "0001750284",
    "Assets": 352453000,
    "Assets_date": "2025-09-30",
    "CurrentAssets": 334329000,
    "CurrentAssets_date": "2025-09-30",
    "Liabilities": 44965000,
    "Liabilities_date": "2025-09-30",
    "CurrentLiabilities": 41655000,
    "CurrentLiabilities_date": "2025-09-30",
    "ShareholdersEquity": 307488000,
    "ShareholdersEquity_date": "2025-09-30",
    "Cash": 35260000,
    "Cash_date": "2025-09-30",
    "MarketableSecurities": 293700000,
    "MarketableSecurities_date": "2025-09-30",
    "R&D": 114477000,
    "R&D_date": "2025-09-30",
    "NetIncome": -116390000,
    "NetIncome_date": "2025-09-30",
    "CFO": -108389000,
    "CFO_date": "2025-09-30",
    "OperatingExpenses": 128614000,
    "OperatingExpenses_date": "2025-09-30",
    "InterestExpense": 653000,
    "InterestExpense_date": "2020-12-31",
    "collected_at": "2026-01-27"
  },
  {
    "ticker": "ONC",
    "cik": "0001651308",
    "Assets": 7632586000,
    "Assets_date": "2025-09-30",
    "CurrentAssets": 5664477000,
    "CurrentAssets_date": "2025-09-30",
    "Liabilities": 3503260000,
    "Liabilities_date": "2025-09-30",
    "CurrentLiabilities": 2368425000,
    "CurrentLiabilities_date": "2025-09-30",
    "ShareholdersEquity": 4129326000,
    "ShareholdersEquity_date": "2025-09-30",
    "Cash": 4036868000,
    "Cash_date": "2025-09-30",
    "ShortTermInvestments": 2600000,
    "ShortTermInvestments_date": "2023-12-31",
    "R&D": 1530445000,
    "R&D_date": "2025-09-30",
    "NetIncome": 220431000,
    "NetIncome_date": "2025-09-30",
    "LongTermDebtCurrent": 808394000,
    "LongTermDebtCurrent_date": "2025-06-30",
    "Revenue": 3844863000,
    "Revenue_date": "2025-09-30",
    "CFO": 710233000,
    "CFO_date": "2025-09-30",
    "OperatingExpenses": 3056644000,
    "OperatingExpenses_date": "2025-09-30",
    "InterestExpense": 37659000,
    "InterestExpense_date": "2025-09-30",
    "collected_at": "2026-01-27"
  },
  {
    "ticker": "OPK",
    "cik": "0000944809",
    "Assets": 1995508000,
    "Assets_date": "2025-09-30",
    "CurrentAssets": 627130000,
    "CurrentAssets_date": "2025-09-30",
    "Liabilities": 690018000,
    "Liabilities_date": "2025-09-30",
    "CurrentLiabilities": 169321000,
    "CurrentLiabilities_date": "2025-09-30",
    "ShareholdersEquity": 1305490000,
    "ShareholdersEquity_date": "2025-09-30",
    "Cash": 411972000,
    "Cash_date": "2025-09-30",
    "MarketableSecurities": 15634000,
    "MarketableSecurities_date": "2016-06-30",
    "AvailableForSaleSecurities": 26690000,
    "AvailableForSaleSecurities_date": "2013-06-30",
    "R&D": 91261000,
    "R&D_date": "2025-09-30",
    "NetIncome": -194423000,
    "NetIncome_date": "2025-09-30",
    "LongTermDebt": 344217000,
    "LongTermDebt_date": "2025-09-30",
    "LongTermDebtCurrent": 1463000,
    "LongTermDebtCurrent_date": "2025-09-30",
    "Revenue": 458429000,
    "Revenue_date": "2025-09-30",
    "CFO": -152621000,
    "CFO_date": "2025-09-30",
    "OperatingExpenses": 537521000,
    "OperatingExpenses_date": "2025-09-30",
    "InterestExpense": 7686000,
    "InterestExpense_date": "2024-03-31",
    "collected_at": "2026-01-27"
  },
  {
    "ticker": "ORIC",
    "cik": "0001796280",
    "Assets": 431192000,
    "Assets_date": "2025-09-30",
    "CurrentAssets": 295594000,
    "CurrentAssets_date": "2025-09-30",
    "Liabilities": 24273000,
    "Liabilities_date": "2025-09-30",
    "CurrentLiabilities": 20179000,
    "CurrentLiabilities_date": "2025-09-30",
    "ShareholdersEquity": 406919000,
    "ShareholdersEquity_date": "2025-09-30",
    "Cash": 49668000,
    "Cash_date": "2025-09-30",
    "MarketableSecurities": 90990000,
    "MarketableSecurities_date": "2021-06-30",
    "R&D": 14977000,
    "R&D_date": "2020-06-30",
    "NetIncome": -98963000,
    "NetIncome_date": "2025-09-30",
    "LongTermDebt": 10500000,
    "LongTermDebt_date": "2021-12-31",
    "CFO": -88487000,
    "CFO_date": "2025-09-30",
    "OperatingExpenses": 108453000,
    "OperatingExpenses_date": "2025-09-30",
    "collected_at": "2026-01-27"
  },
  {
    "ticker": "ORKA",
    "cik": "0000907654",
    "Assets": 509251000,
    "Assets_date": "2025-09-30",
    "CurrentAssets": 355163000,
    "CurrentAssets_date": "2025-09-30",
    "Liabilities": 22460000,
    "Liabilities_date": "2025-09-30",
    "CurrentLiabilities": 20967000,
    "CurrentLiabilities_date": "2025-09-30",
    "ShareholdersEquity": 486791000,
    "ShareholdersEquity_date": "2025-09-30",
    "Cash": 91253000,
    "Cash_date": "2025-09-30",
    "MarketableSecurities": 257902000,
    "MarketableSecurities_date": "2025-09-30",
    "R&D": 73000000,
    "R&D_date": "2025-09-30",
    "NetIncome": -75850000,
    "NetIncome_date": "2025-09-30",
    "Revenue": 0,
    "Revenue_date": "2024-06-30",
    "CFO": -65616000,
    "CFO_date": "2025-09-30",
    "OperatingExpenses": 87620000,
    "OperatingExpenses_date": "2025-09-30",
    "InterestExpense": 1500000,
    "InterestExpense_date": "2024-09-30",
    "collected_at": "2026-01-27"
  },
  {
    "ticker": "PACB",
    "cik": "0001299130",
    "Assets": 803158000,
    "Assets_date": "2025-09-30",
    "CurrentAssets": 394236000,
    "CurrentAssets_date": "2025-09-30",
    "Liabilities": 767068000,
    "Liabilities_date": "2025-09-30",
    "CurrentLiabilities": 63209000,
    "CurrentLiabilities_date": "2025-09-30",
    "ShareholdersEquity": 36090000,
    "ShareholdersEquity_date": "2025-09-30",
    "Cash": 56467000,
    "Cash_date": "2025-09-30",
    "ShortTermInvestments": 242187000,
    "ShortTermInvestments_date": "2025-09-30",
    "COGS": 86146000,
    "COGS_date": "2025-09-30",
    "R&D": 74428000,
    "R&D_date": "2025-09-30",
    "NetIncome": -506005000,
    "NetIncome_date": "2025-09-30",
    "LongTermDebt": 896839000,
    "LongTermDebt_date": "2023-03-31",
    "LongTermDebtCurrent": 182000,
    "LongTermDebtCurrent_date": "2013-03-31",
    "Revenue": 115360000,
    "Revenue_date": "2025-09-30",
    "CFO": -92140000,
    "CFO_date": "2025-09-30",
    "OperatingExpenses": 541878000,
    "OperatingExpenses_date": "2025-09-30",
    "InterestExpense": 3575000,
    "InterestExpense_date": "2024-03-31",
    "collected_at": "2026-01-27"
  },
  {
    "ticker": "PEPG",
    "cik": "0001835597",
    "Assets": 190057000,
    "Assets_date": "2025-09-30",
    "CurrentAssets": 166206000,
    "CurrentAssets_date": "2025-09-30",
    "Liabilities": 26917000,
    "Liabilities_date": "2025-09-30",
    "CurrentLiabilities": 12642000,
    "CurrentLiabilities_date": "2025-09-30",
    "ShareholdersEquity": 163140000,
    "ShareholdersEquity_date": "2025-09-30",
    "Cash": 142775000,
    "Cash_date": "2025-09-30",
    "MarketableSecurities": 20890000,
    "MarketableSecurities_date": "2025-09-30",
    "R&D": 57192000,
    "R&D_date": "2025-09-30",
    "NetIncome": -71315000,
    "NetIncome_date": "2025-09-30",
    "CFO": -65790000,
    "CFO_date": "2025-09-30",
    "OperatingExpenses": 73907000,
    "OperatingExpenses_date": "2025-09-30",
    "collected_at": "2026-01-27"
  },
  {
    "ticker": "PHAT",
    "cik": "0001783183",
    "Assets": 240289000,
    "Assets_date": "2025-09-30",
    "CurrentAssets": 207783000,
    "CurrentAssets_date": "2025-09-30",
    "Liabilities": 662823000,
    "Liabilities_date": "2025-09-30",
    "CurrentLiabilities": 93123000,
    "CurrentLiabilities_date": "2025-09-30",
    "ShareholdersEquity": -422534000,
    "ShareholdersEquity_date": "2025-09-30",
    "Cash": 135156000,
    "Cash_date": "2025-09-30",
    "COGS": 14951000,
    "COGS_date": "2025-09-30",
    "R&D": 25287000,
    "R&D_date": "2025-09-30",
    "NetIncome": -200099000,
    "NetIncome_date": "2025-09-30",
    "LongTermDebt": 207093000,
    "LongTermDebt_date": "2025-09-30",
    "LongTermDebtCurrent": 0,
    "LongTermDebtCurrent_date": "2025-09-30",
    "Revenue": 117526000,
    "Revenue_date": "2025-09-30",
    "CFO": -161774000,
    "CFO_date": "2025-09-30",
    "OperatingExpenses": 256633000,
    "OperatingExpenses_date": "2025-09-30",
    "InterestExpense": 34932000,
    "InterestExpense_date": "2024-06-30",
    "collected_at": "2026-01-27"
  },
  {
    "ticker": "PRAX",
    "cik": "0001689548",
    "Assets": 396388000,
    "Assets_date": "2025-09-30",
    "CurrentAssets": 273844000,
    "CurrentAssets_date": "2025-09-30",
    "Liabilities": 52883000,
    "Liabilities_date": "2025-09-30",
    "CurrentLiabilities": 52883000,
    "CurrentLiabilities_date": "2025-09-30",
    "ShareholdersEquity": 343505000,
    "ShareholdersEquity_date": "2025-09-30",
    "Cash": 149527000,
    "Cash_date": "2025-09-30",
    "R&D": 189609000,
    "R&D_date": "2025-09-30",
    "NetIncome": -214357000,
    "NetIncome_date": "2025-09-30",
    "Revenue": 0,
    "Revenue_date": "2025-09-30",
    "CFO": -172743000,
    "CFO_date": "2025-09-30",
    "OperatingExpenses": 229154000,
    "OperatingExpenses_date": "2025-09-30",
    "collected_at": "2026-01-27"
  },
  {
    "ticker": "PRME",
    "cik": "0001894562",
    "Assets": 385012000,
    "Assets_date": "2025-09-30",
    "CurrentAssets": 231406000,
    "CurrentAssets_date": "2025-09-30",
    "Liabilities": 223191000,
    "Liabilities_date": "2025-09-30",
    "CurrentLiabilities": 35019000,
    "CurrentLiabilities_date": "2025-09-30",
    "ShareholdersEquity": 161821000,
    "ShareholdersEquity_date": "2025-09-30",
    "Cash": 71396000,
    "Cash_date": "2025-09-30",
    "R&D": 125927000,
    "R&D_date": "2025-09-30",
    "NetIncome": -155063000,
    "NetIncome_date": "2025-09-30",
    "Revenue": 3794000,
    "Revenue_date": "2025-09-30",
    "CFO": -125308000,
    "CFO_date": "2025-09-30",
    "OperatingExpenses": 163536000,
    "OperatingExpenses_date": "2025-09-30",
    "collected_at": "2026-01-27"
  },
  {
    "ticker": "PSNL",
    "cik": "0001527753",
    "Assets": 242839000,
    "Assets_date": "2025-09-30",
    "CurrentAssets": 174402000,
    "CurrentAssets_date": "2025-09-30",
    "Liabilities": 71424000,
    "Liabilities_date": "2025-09-30",
    "CurrentLiabilities": 36156000,
    "CurrentLiabilities_date": "2025-09-30",
    "ShareholdersEquity": 171415000,
    "ShareholdersEquity_date": "2025-09-30",
    "Cash": 49973000,
    "Cash_date": "2025-09-30",
    "ShortTermInvestments": 100542000,
    "ShortTermInvestments_date": "2025-09-30",
    "COGS": 38426000,
    "COGS_date": "2025-09-30",
    "R&D": 37192000,
    "R&D_date": "2025-09-30",
    "NetIncome": -57458000,
    "NetIncome_date": "2025-09-30",
    "LongTermDebt": 20000000,
    "LongTermDebt_date": "2019-06-30",
    "LongTermDebtCurrent": 1020000,
    "LongTermDebtCurrent_date": "2019-06-30",
    "Revenue": 52303000,
    "Revenue_date": "2025-09-30",
    "CFO": -52700000,
    "CFO_date": "2025-09-30",
    "OperatingExpenses": 115094000,
    "OperatingExpenses_date": "2025-09-30",
    "InterestExpense": 140000,
    "InterestExpense_date": "2025-09-30",
    "collected_at": "2026-01-27"
  },
  {
    "ticker": "PYXS",
    "cik": "0001782223",
    "Assets": 105604000,
    "Assets_date": "2025-09-30",
    "CurrentAssets": 83073000,
    "CurrentAssets_date": "2025-09-30",
    "Liabilities": 36825000,
    "Liabilities_date": "2025-09-30",
    "CurrentLiabilities": 19382000,
    "CurrentLiabilities_date": "2025-09-30",
    "ShareholdersEquity": 68779000,
    "ShareholdersEquity_date": "2025-09-30",
    "Cash": 8919000,
    "Cash_date": "2025-09-30",
    "MarketableSecurities": 67337000,
    "MarketableSecurities_date": "2025-09-30",
    "COGS": 475000,
    "COGS_date": "2024-12-31",
    "R&D": 51985000,
    "R&D_date": "2025-09-30",
    "NetIncome": -61515000,
    "NetIncome_date": "2025-09-30",
    "Revenue": 2820000,
    "Revenue_date": "2025-09-30",
    "CFO": -53075000,
    "CFO_date": "2025-09-30",
    "OperatingExpenses": 82196000,
    "OperatingExpenses_date": "2023-12-31",
    "collected_at": "2026-01-27"
  },
  {
    "ticker": "QSI",
    "cik": "0001816431",
    "Assets": 260127000,
    "Assets_date": "2025-09-30",
    "CurrentAssets": 237990000,
    "CurrentAssets_date": "2025-09-30",
    "Liabilities": 24968000,
    "Liabilities_date": "2025-09-30",
    "CurrentLiabilities": 22147000,
    "CurrentLiabilities_date": "2025-09-30",
    "ShareholdersEquity": 235159000,
    "ShareholdersEquity_date": "2025-09-30",
    "Cash": 30910000,
    "Cash_date": "2025-09-30",
    "MarketableSecurities": 293811000,
    "MarketableSecurities_date": "2022-09-30",
    "COGS": 954000,
    "COGS_date": "2025-09-30",
    "R&D": 42813000,
    "R&D_date": "2025-09-30",
    "NetIncome": -83728000,
    "NetIncome_date": "2025-09-30",
    "Revenue": 1985000,
    "Revenue_date": "2025-09-30",
    "CFO": -78370000,
    "CFO_date": "2025-09-30",
    "OperatingExpenses": 96036000,
    "OperatingExpenses_date": "2025-09-30",
    "InterestExpense": 0,
    "InterestExpense_date": "2022-12-31",
    "collected_at": "2026-01-27"
  },
  {
    "ticker": "QTRX",
    "cik": "0001503274",
    "Assets": 444140000,
    "Assets_date": "2025-09-30",
    "CurrentAssets": 233278000,
    "CurrentAssets_date": "2025-09-30",
    "Liabilities": 129606000,
    "Liabilities_date": "2025-09-30",
    "CurrentLiabilities": 77352000,
    "CurrentLiabilities_date": "2025-09-30",
    "ShareholdersEquity": 314534000,
    "ShareholdersEquity_date": "2025-09-30",
    "Cash": 38298000,
    "Cash_date": "2025-09-30",
    "MarketableSecurities": 0,
    "MarketableSecurities_date": "2024-12-31",
    "COGS": 50121000,
    "COGS_date": "2025-09-30",
    "R&D": 27126000,
    "R&D_date": "2025-09-30",
    "NetIncome": -84033000,
    "NetIncome_date": "2025-09-30",
    "LongTermDebt": 1943000,
    "LongTermDebt_date": "2021-09-30",
    "LongTermDebtCurrent": 1993000,
    "LongTermDebtCurrent_date": "2021-09-30",
    "Revenue": 95042000,
    "Revenue_date": "2025-09-30",
    "CFO": -60792000,
    "CFO_date": "2025-09-30",
    "OperatingExpenses": 145712000,
    "OperatingExpenses_date": "2025-09-30",
    "InterestExpense": 24000,
    "InterestExpense_date": "2018-03-31",
    "collected_at": "2026-01-27"
  },
  {
    "ticker": "QURE",
    "cik": "0001590560",
    "Assets": 888382000,
    "Assets_date": "2025-09-30",
    "CurrentAssets": 716193000,
    "CurrentAssets_date": "2025-09-30",
    "Liabilities": 659636000,
    "Liabilities_date": "2025-09-30",
    "CurrentLiabilities": 100632000,
    "CurrentLiabilities_date": "2025-09-30",
    "ShareholdersEquity": 228746000,
    "ShareholdersEquity_date": "2025-09-30",
    "Cash": 597056000,
    "Cash_date": "2025-09-30",
    "R&D": 105889000,
    "R&D_date": "2025-09-30",
    "NetIncome": -161885000,
    "NetIncome_date": "2025-09-30",
    "LongTermDebt": 66019000,
    "LongTermDebt_date": "2024-12-31",
    "LongTermDebtCurrent": 11111000,
    "LongTermDebtCurrent_date": "2018-09-30",
    "Revenue": 9676000,
    "Revenue_date": "2018-09-30",
    "CFO": -100394000,
    "CFO_date": "2025-09-30",
    "OperatingExpenses": 150986000,
    "OperatingExpenses_date": "2025-09-30",
    "InterestExpense": 16097000,
    "InterestExpense_date": "2024-03-31",
    "collected_at": "2026-01-27"
  },
  {
    "ticker": "RAPP",
    "cik": "0002012593",
    "Assets": 535323000,
    "Assets_date": "2025-09-30",
    "CurrentAssets": 520659000,
    "CurrentAssets_date": "2025-09-30",
    "Liabilities": 23706000,
    "Liabilities_date": "2025-09-30",
    "CurrentLiabilities": 14316000,
    "CurrentLiabilities_date": "2025-09-30",
    "ShareholdersEquity": 511617000,
    "ShareholdersEquity_date": "2025-09-30",
    "Cash": 251359000,
    "Cash_date": "2025-09-30",
    "ShortTermInvestments": 261667000,
    "ShortTermInvestments_date": "2025-09-30",
    "R&D": 64531000,
    "R&D_date": "2025-09-30",
    "NetIncome": -77720000,
    "NetIncome_date": "2025-09-30",
    "CFO": -62772000,
    "CFO_date": "2025-09-30",
    "OperatingExpenses": 86590000,
    "OperatingExpenses_date": "2025-09-30",
    "collected_at": "2026-01-27"
  },
  {
    "ticker": "RAPT",
    "cik": "0001673772",
    "Assets": 165739000,
    "Assets_date": "2025-09-30",
    "CurrentAssets": 161045000,
    "CurrentAssets_date": "2025-09-30",
    "Liabilities": 13762000,
    "Liabilities_date": "2025-09-30",
    "CurrentLiabilities": 13375000,
    "CurrentLiabilities_date": "2025-09-30",
    "ShareholdersEquity": 151977000,
    "ShareholdersEquity_date": "2025-09-30",
    "Cash": 37930000,
    "Cash_date": "2025-09-30",
    "MarketableSecurities": 119414000,
    "MarketableSecurities_date": "2025-09-30",
    "R&D": 36416000,
    "R&D_date": "2025-09-30",
    "NetIncome": -52388000,
    "NetIncome_date": "2025-09-30",
    "Revenue": 0,
    "Revenue_date": "2023-12-31",
    "CFO": -76143000,
    "CFO_date": "2025-09-30",
    "OperatingExpenses": 58171000,
    "OperatingExpenses_date": "2025-09-30",
    "collected_at": "2026-01-27"
  },
  {
    "ticker": "RCKT",
    "cik": "0001281895",
    "Assets": 368033000,
    "Assets_date": "2025-09-30",
    "CurrentAssets": 227680000,
    "CurrentAssets_date": "2025-09-30",
    "Liabilities": 54364000,
    "Liabilities_date": "2025-09-30",
    "CurrentLiabilities": 31170000,
    "CurrentLiabilities_date": "2025-09-30",
    "ShareholdersEquity": 313669000,
    "ShareholdersEquity_date": "2025-09-30",
    "Cash": 75948000,
    "Cash_date": "2025-09-30",
    "ShortTermInvestments": 146810000,
    "ShortTermInvestments_date": "2025-09-30",
    "R&D": 112668000,
    "R&D_date": "2025-09-30",
    "NetIncome": -180585000,
    "NetIncome_date": "2025-09-30",
    "Revenue": 0,
    "Revenue_date": "2025-09-30",
    "CFO": -155174000,
    "CFO_date": "2025-09-30",
    "OperatingExpenses": 187784000,
    "OperatingExpenses_date": "2025-09-30",
    "InterestExpense": 1418000,
    "InterestExpense_date": "2025-09-30",
    "collected_at": "2026-01-27"
  },
  {
    "ticker": "RCUS",
    "cik": "0001724521",
    "Assets": 974000000,
    "Assets_date": "2025-09-30",
    "CurrentAssets": 857000000,
    "CurrentAssets_date": "2025-09-30",
    "Liabilities": 695121000,
    "Liabilities_date": "2022-09-30",
    "CurrentLiabilities": 235000000,
    "CurrentLiabilities_date": "2025-09-30",
    "ShareholdersEquity": 436000000,
    "ShareholdersEquity_date": "2025-09-30",
    "Cash": 238000000,
    "Cash_date": "2025-09-30",
    "AvailableForSaleSecurities": 345210000,
    "AvailableForSaleSecurities_date": "2021-09-30",
    "R&D": 402000000,
    "R&D_date": "2025-09-30",
    "NetIncome": -247000000,
    "NetIncome_date": "2025-09-30",
    "LongTermDebt": 98000000,
    "LongTermDebt_date": "2025-09-30",
    "Revenue": 22000000,
    "Revenue_date": "2025-09-30",
    "CFO": -362000000,
    "CFO_date": "2025-09-30",
    "OperatingExpenses": 486000000,
    "OperatingExpenses_date": "2025-09-30",
    "InterestExpense": 7000000,
    "InterestExpense_date": "2025-09-30",
    "collected_at": "2026-01-27"
  },
  {
    "ticker": "REGN",
    "cik": "0000872589",
    "Assets": 40169400000,
    "Assets_date": "2025-09-30",
    "CurrentAssets": 17980700000,
    "CurrentAssets_date": "2025-09-30",
    "Liabilities": 9211600000,
    "Liabilities_date": "2025-09-30",
    "CurrentLiabilities": 4425100000,
    "CurrentLiabilities_date": "2025-09-30",
    "ShareholdersEquity": 30957800000,
    "ShareholdersEquity_date": "2025-09-30",
    "Cash": 2506400000,
    "Cash_date": "2025-09-30",
    "MarketableSecurities": 5937200000,
    "MarketableSecurities_date": "2025-09-30",
    "R&D": 4224100000,
    "R&D_date": "2025-09-30",
    "NetIncome": 3660300000,
    "NetIncome_date": "2025-09-30",
    "Revenue": 10458600000,
    "Revenue_date": "2025-09-30",
    "CFO": 3808200000,
    "CFO_date": "2025-09-30",
    "OperatingExpenses": 7760600000,
    "OperatingExpenses_date": "2025-09-30",
    "InterestExpense": 16100000,
    "InterestExpense_date": "2024-03-31",
    "collected_at": "2026-01-27"
  },
  {
    "ticker": "REPL",
    "cik": "0001737953",
    "Assets": 389450000,
    "Assets_date": "2025-09-30",
    "CurrentAssets": 333749000,
    "CurrentAssets_date": "2025-09-30",
    "Liabilities": 126114000,
    "Liabilities_date": "2025-09-30",
    "CurrentLiabilities": 52900000,
    "CurrentLiabilities_date": "2025-09-30",
    "ShareholdersEquity": 263336000,
    "ShareholdersEquity_date": "2025-09-30",
    "Cash": 102298000,
    "Cash_date": "2025-09-30",
    "ShortTermInvestments": 221346000,
    "ShortTermInvestments_date": "2025-09-30",
    "R&D": 115721000,
    "R&D_date": "2025-09-30",
    "NetIncome": -169793000,
    "NetIncome_date": "2025-09-30",
    "LongTermDebt": 44434000,
    "LongTermDebt_date": "2023-12-31",
    "Revenue": 0,
    "Revenue_date": "2018-12-31",
    "CFO": -158228000,
    "CFO_date": "2025-09-30",
    "OperatingExpenses": 174715000,
    "OperatingExpenses_date": "2025-09-30",
    "InterestExpense": 2963000,
    "InterestExpense_date": "2025-09-30",
    "collected_at": "2026-01-27"
  },
  {
    "ticker": "RIGL",
    "cik": "0001034842",
    "Assets": 242534000,
    "Assets_date": "2025-09-30",
    "CurrentAssets": 214927000,
    "CurrentAssets_date": "2025-09-30",
    "Liabilities": 124925000,
    "Liabilities_date": "2025-09-30",
    "CurrentLiabilities": 94400000,
    "CurrentLiabilities_date": "2025-09-30",
    "ShareholdersEquity": 117609000,
    "ShareholdersEquity_date": "2025-09-30",
    "Cash": 48534000,
    "Cash_date": "2025-09-30",
    "ShortTermInvestments": 88609000,
    "ShortTermInvestments_date": "2025-09-30",
    "AvailableForSaleSecurities": 157672000,
    "AvailableForSaleSecurities_date": "2014-09-30",
    "R&D": 32215000,
    "R&D_date": "2011-06-30",
    "NetIncome": 98959000,
    "NetIncome_date": "2025-09-30",
    "LongTermDebt": 60000000,
    "LongTermDebt_date": "2025-09-30",
    "Revenue": 224480000,
    "Revenue_date": "2025-09-30",
    "CFO": 53675000,
    "CFO_date": "2025-09-30",
    "OperatingExpenses": 122184000,
    "OperatingExpenses_date": "2025-09-30",
    "InterestExpense": 5621000,
    "InterestExpense_date": "2025-09-30",
    "collected_at": "2026-01-27"
  },
  {
    "ticker": "RLAY",
    "cik": "0001812364",
    "Assets": 670000000,
    "Assets_date": "2025-09-30",
    "CurrentAssets": 624014000,
    "CurrentAssets_date": "2025-09-30",
    "Liabilities": 62291000,
    "Liabilities_date": "2025-09-30",
    "CurrentLiabilities": 32605000,
    "CurrentLiabilities_date": "2025-09-30",
    "ShareholdersEquity": 607709000,
    "ShareholdersEquity_date": "2025-09-30",
    "Cash": 91564000,
    "Cash_date": "2025-09-30",
    "R&D": 30622000,
    "R&D_date": "2021-03-31",
    "NetIncome": -221589000,
    "NetIncome_date": "2025-09-30",
    "Revenue": 8355000,
    "Revenue_date": "2025-09-30",
    "CFO": -190590000,
    "CFO_date": "2025-09-30",
    "OperatingExpenses": 250463000,
    "OperatingExpenses_date": "2025-09-30",
    "collected_at": "2026-01-27"
  },
  {
    "ticker": "SEPN",
    "cik": "0001984086",
    "Assets": 606653000,
    "Assets_date": "2025-09-30",
    "CurrentAssets": 491681000,
    "CurrentAssets_date": "2025-09-30",
    "Liabilities": 217922000,
    "Liabilities_date": "2025-09-30",
    "CurrentLiabilities": 75282000,
    "CurrentLiabilities_date": "2025-09-30",
    "ShareholdersEquity": 388731000,
    "ShareholdersEquity_date": "2025-09-30",
    "Cash": 319989000,
    "Cash_date": "2025-09-30",
    "MarketableSecurities": 154357000,
    "MarketableSecurities_date": "2025-09-30",
    "R&D": 65723000,
    "R&D_date": "2025-09-30",
    "NetIncome": -38141000,
    "NetIncome_date": "2025-09-30",
    "Revenue": 21833000,
    "Revenue_date": "2025-09-30",
    "CFO": 125177000,
    "CFO_date": "2025-09-30",
    "OperatingExpenses": 74107000,
    "OperatingExpenses_date": "2025-09-30",
    "collected_at": "2026-01-27"
  },
  {
    "ticker": "SGMT",
    "cik": "0001400118",
    "Assets": 128401000,
    "Assets_date": "2025-09-30",
    "CurrentAssets": 119480000,
    "CurrentAssets_date": "2025-09-30",
    "Liabilities": 7180000,
    "Liabilities_date": "2025-03-31",
    "CurrentLiabilities": 9146000,
    "CurrentLiabilities_date": "2025-09-30",
    "ShareholdersEquity": 119255000,
    "ShareholdersEquity_date": "2025-09-30",
    "Cash": 32496000,
    "Cash_date": "2025-09-30",
    "MarketableSecurities": 84197000,
    "MarketableSecurities_date": "2025-09-30",
    "R&D": 32320000,
    "R&D_date": "2025-09-30",
    "NetIncome": -41470000,
    "NetIncome_date": "2025-09-30",
    "Revenue": 2000000,
    "Revenue_date": "2023-12-31",
    "CFO": -33817000,
    "CFO_date": "2025-09-30",
    "OperatingExpenses": 46124000,
    "OperatingExpenses_date": "2025-09-30",
    "collected_at": "2026-01-27"
  },
  {
    "ticker": "SION",
    "cik": "0002036042",
    "Assets": 339270000,
    "Assets_date": "2025-09-30",
    "CurrentAssets": 252328000,
    "CurrentAssets_date": "2025-09-30",
    "Liabilities": 17602000,
    "Liabilities_date": "2025-09-30",
    "CurrentLiabilities": 9851000,
    "CurrentLiabilities_date": "2025-09-30",
    "ShareholdersEquity": 321668000,
    "ShareholdersEquity_date": "2025-09-30",
    "Cash": 50831000,
    "Cash_date": "2025-09-30",
    "R&D": 45095000,
    "R&D_date": "2025-09-30",
    "NetIncome": -54828000,
    "NetIncome_date": "2025-09-30",
    "CFO": -49671000,
    "CFO_date": "2025-09-30",
    "OperatingExpenses": 65370000,
    "OperatingExpenses_date": "2025-09-30",
    "collected_at": "2026-01-27"
  },
  {
    "ticker": "SLDB",
    "cik": "0001707502",
    "Assets": 273914000,
    "Assets_date": "2025-09-30",
    "CurrentAssets": 244852000,
    "CurrentAssets_date": "2025-09-30",
    "Liabilities": 55966000,
    "Liabilities_date": "2025-09-30",
    "CurrentLiabilities": 36342000,
    "CurrentLiabilities_date": "2025-09-30",
    "ShareholdersEquity": 217948000,
    "ShareholdersEquity_date": "2025-09-30",
    "Cash": 61364000,
    "Cash_date": "2025-09-30",
    "AvailableForSaleSecurities": 40750000,
    "AvailableForSaleSecurities_date": "2019-03-31",
    "R&D": 102190000,
    "R&D_date": "2025-09-30",
    "NetIncome": -53578000,
    "NetIncome_date": "2021-09-30",
    "Revenue": 8094000,
    "Revenue_date": "2022-12-31",
    "CFO": -102734000,
    "CFO_date": "2025-09-30",
    "OperatingExpenses": 129803000,
    "OperatingExpenses_date": "2025-09-30",
    "InterestExpense": 183000,
    "InterestExpense_date": "2024-06-30",
    "collected_at": "2026-01-27"
  },
  {
    "ticker": "SLN",
    "cik": "0001479615",
    "Assets": 146790000,
    "Assets_date": "2025-09-30",
    "CurrentAssets": 133632000,
    "CurrentAssets_date": "2025-09-30",
    "Liabilities": 72727000,
    "Liabilities_date": "2025-09-30",
    "CurrentLiabilities": 17379000,
    "CurrentLiabilities_date": "2025-09-30",
    "ShareholdersEquity": 74063000,
    "ShareholdersEquity_date": "2025-09-30",
    "Cash": 82031000,
    "Cash_date": "2025-09-30",
    "ShortTermInvestments": 20161000,
    "ShortTermInvestments_date": "2025-09-30",
    "R&D": 59004000,
    "R&D_date": "2025-09-30",
    "NetIncome": -76842000,
    "NetIncome_date": "2025-09-30",
    "Revenue": 525000,
    "Revenue_date": "2025-09-30",
    "CFO": -44984000,
    "CFO_date": "2025-09-30",
    "collected_at": "2026-01-27"
  },
  {
    "ticker": "SMMT",
    "cik": "0001599298",
    "Assets": 261729000,
    "Assets_date": "2025-09-30",
    "CurrentAssets": 246466000,
    "CurrentAssets_date": "2025-09-30",
    "Liabilities": 69466000,
    "Liabilities_date": "2025-09-30",
    "CurrentLiabilities": 64928000,
    "CurrentLiabilities_date": "2025-09-30",
    "ShareholdersEquity": 192263000,
    "ShareholdersEquity_date": "2025-09-30",
    "Cash": 238554000,
    "Cash_date": "2025-09-30",
    "ShortTermInvestments": 0,
    "ShortTermInvestments_date": "2025-09-30",
    "R&D": 30873000,
    "R&D_date": "2024-03-31",
    "NetIncome": -860414000,
    "NetIncome_date": "2025-09-30",
    "Revenue": 0,
    "Revenue_date": "2024-12-31",
    "CFO": -220992000,
    "CFO_date": "2025-09-30",
    "OperatingExpenses": 869499000,
    "OperatingExpenses_date": "2025-09-30",
    "InterestExpense": 8677000,
    "InterestExpense_date": "2024-09-30",
    "collected_at": "2026-01-27"
  },
  {
    "ticker": "SRRK",
    "cik": "0001727196",
    "Assets": 411718000,
    "Assets_date": "2025-09-30",
    "CurrentAssets": 390711000,
    "CurrentAssets_date": "2025-09-30",
    "Liabilities": 166723000,
    "Liabilities_date": "2025-09-30",
    "CurrentLiabilities": 61972000,
    "CurrentLiabilities_date": "2025-09-30",
    "ShareholdersEquity": 244995000,
    "ShareholdersEquity_date": "2025-09-30",
    "Cash": 286770000,
    "Cash_date": "2025-09-30",
    "MarketableSecurities": 82860000,
    "MarketableSecurities_date": "2025-09-30",
    "R&D": 161565000,
    "R&D_date": "2025-09-30",
    "NetIncome": -286974000,
    "NetIncome_date": "2025-09-30",
    "LongTermDebt": 51000000,
    "LongTermDebt_date": "2023-12-31",
    "Revenue": 0,
    "Revenue_date": "2025-09-30",
    "CFO": -224539000,
    "CFO_date": "2025-09-30",
    "OperatingExpenses": 292749000,
    "OperatingExpenses_date": "2025-09-30",
    "InterestExpense": 6600000,
    "InterestExpense_date": "2024-12-31",
    "collected_at": "2026-01-27"
  },
  {
    "ticker": "STOK",
    "cik": "0001623526",
    "Assets": 360264000,
    "Assets_date": "2025-09-30",
    "CurrentAssets": 272437000,
    "CurrentAssets_date": "2025-09-30",
    "Liabilities": 52159000,
    "Liabilities_date": "2025-09-30",
    "CurrentLiabilities": 41727000,
    "CurrentLiabilities_date": "2025-09-30",
    "ShareholdersEquity": 308105000,
    "ShareholdersEquity_date": "2025-09-30",
    "Cash": 83394000,
    "Cash_date": "2025-09-30",
    "R&D": 96227000,
    "R&D_date": "2025-09-30",
    "NetIncome": 51049000,
    "NetIncome_date": "2025-09-30",
    "Revenue": 183018000,
    "Revenue_date": "2025-09-30",
    "CFO": 76039000,
    "CFO_date": "2025-09-30",
    "OperatingExpenses": 142169000,
    "OperatingExpenses_date": "2025-09-30",
    "InterestExpense": 6000,
    "InterestExpense_date": "2025-09-30",
    "collected_at": "2026-01-27"
  },
  {
    "ticker": "STRO",
    "cik": "0001382101",
    "Assets": 209658000,
    "Assets_date": "2025-09-30",
    "CurrentAssets": 182113000,
    "CurrentAssets_date": "2025-09-30",
    "Liabilities": 296926000,
    "Liabilities_date": "2025-09-30",
    "CurrentLiabilities": 71895000,
    "CurrentLiabilities_date": "2025-09-30",
    "ShareholdersEquity": -87268000,
    "ShareholdersEquity_date": "2025-09-30",
    "Cash": 65927000,
    "Cash_date": "2025-09-30",
    "MarketableSecurities": 101667000,
    "MarketableSecurities_date": "2025-09-30",
    "R&D": 129775000,
    "R&D_date": "2025-09-30",
    "NetIncome": -144324000,
    "NetIncome_date": "2025-09-30",
    "LongTermDebt": 4061000,
    "LongTermDebt_date": "2023-12-31",
    "LongTermDebtCurrent": 4061000,
    "LongTermDebtCurrent_date": "2023-12-31",
    "Revenue": 90837000,
    "Revenue_date": "2025-09-30",
    "CFO": -150796000,
    "CFO_date": "2025-09-30",
    "OperatingExpenses": 211155000,
    "OperatingExpenses_date": "2025-09-30",
    "InterestExpense": 1300000,
    "InterestExpense_date": "2023-12-31",
    "collected_at": "2026-01-27"
  },
  {
    "ticker": "SVRA",
    "cik": "0001160308",
    "Assets": 140924000,
    "Assets_date": "2025-09-30",
    "CurrentAssets": 128198000,
    "CurrentAssets_date": "2025-09-30",
    "Liabilities": 46538000,
    "Liabilities_date": "2025-09-30",
    "CurrentLiabilities": 16757000,
    "CurrentLiabilities_date": "2025-09-30",
    "ShareholdersEquity": 94386000,
    "ShareholdersEquity_date": "2025-09-30",
    "Cash": 16277000,
    "Cash_date": "2025-09-30",
    "ShortTermInvestments": 108109000,
    "ShortTermInvestments_date": "2025-09-30",
    "R&D": 1400000,
    "R&D_date": "2019-03-31",
    "NetIncome": -86601000,
    "NetIncome_date": "2025-09-30",
    "LongTermDebt": 29781000,
    "LongTermDebt_date": "2025-09-30",
    "LongTermDebtCurrent": 0,
    "LongTermDebtCurrent_date": "2025-09-30",
    "Revenue": 0,
    "Revenue_date": "2021-09-30",
    "CFO": -75980000,
    "CFO_date": "2025-09-30",
    "OperatingExpenses": 90128000,
    "OperatingExpenses_date": "2025-09-30",
    "InterestExpense": 217000,
    "InterestExpense_date": "2018-06-30",
    "collected_at": "2026-01-27"
  },
  {
    "ticker": "SYRE",
    "cik": "0001636282",
    "Assets": 504604000,
    "Assets_date": "2025-09-30",
    "CurrentAssets": 504604000,
    "CurrentAssets_date": "2025-09-30",
    "Liabilities": 49504000,
    "Liabilities_date": "2025-09-30",
    "CurrentLiabilities": 46274000,
    "CurrentLiabilities_date": "2025-09-30",
    "ShareholdersEquity": 455100000,
    "ShareholdersEquity_date": "2025-09-30",
    "Cash": 64897000,
    "Cash_date": "2025-09-30",
    "MarketableSecurities": 38070000,
    "MarketableSecurities_date": "2019-03-31",
    "R&D": 13776000,
    "R&D_date": "2023-03-31",
    "NetIncome": -92673000,
    "NetIncome_date": "2025-09-30",
    "Revenue": 0,
    "Revenue_date": "2024-12-31",
    "CFO": -124674000,
    "CFO_date": "2025-09-30",
    "OperatingExpenses": 152390000,
    "OperatingExpenses_date": "2025-09-30",
    "collected_at": "2026-01-27"
  },
  {
    "ticker": "TECX",
    "cik": "0001681087",
    "Assets": 277001000,
    "Assets_date": "2025-09-30",
    "CurrentAssets": 273241000,
    "CurrentAssets_date": "2025-09-30",
    "Liabilities": 9473000,
    "Liabilities_date": "2025-09-30",
    "CurrentLiabilities": 9373000,
    "CurrentLiabilities_date": "2025-09-30",
    "ShareholdersEquity": 267528000,
    "ShareholdersEquity_date": "2025-09-30",
    "Cash": 268435000,
    "Cash_date": "2025-09-30",
    "R&D": 47148000,
    "R&D_date": "2025-09-30",
    "NetIncome": -54925000,
    "NetIncome_date": "2025-09-30",
    "LongTermDebt": 15000000,
    "LongTermDebt_date": "2023-03-31",
    "CFO": -45617000,
    "CFO_date": "2025-09-30",
    "OperatingExpenses": 62520000,
    "OperatingExpenses_date": "2025-09-30",
    "InterestExpense": 1917000,
    "InterestExpense_date": "2023-12-31",
    "collected_at": "2026-01-27"
  },
  {
    "ticker": "TEM",
    "cik": "0001717115",
    "Assets": 2281424000,
    "Assets_date": "2025-09-30",
    "CurrentAssets": 1146511000,
    "CurrentAssets_date": "2025-09-30",
    "Liabilities": 1773600000,
    "Liabilities_date": "2025-09-30",
    "CurrentLiabilities": 350028000,
    "CurrentLiabilities_date": "2025-09-30",
    "ShareholdersEquity": 507824000,
    "ShareholdersEquity_date": "2025-09-30",
    "Cash": 655918000,
    "Cash_date": "2025-09-30",
    "R&D": 122453000,
    "R&D_date": "2025-09-30",
    "NetIncome": -190862000,
    "NetIncome_date": "2025-09-30",
    "Revenue": 904578000,
    "Revenue_date": "2025-09-30",
    "CFO": -181302000,
    "CFO_date": "2025-09-30",
    "OperatingExpenses": 1096037000,
    "OperatingExpenses_date": "2025-09-30",
    "InterestExpense": 54981000,
    "InterestExpense_date": "2025-09-30",
    "collected_at": "2026-01-27"
  },
  {
    "ticker": "TERN",
    "cik": "0001831363",
    "Assets": 301651000,
    "Assets_date": "2025-09-30",
    "CurrentAssets": 300295000,
    "CurrentAssets_date": "2025-09-30",
    "Liabilities": 17585000,
    "Liabilities_date": "2025-09-30",
    "CurrentLiabilities": 15387000,
    "CurrentLiabilities_date": "2025-09-30",
    "ShareholdersEquity": 284066000,
    "ShareholdersEquity_date": "2025-09-30",
    "Cash": 150698000,
    "Cash_date": "2025-09-30",
    "MarketableSecurities": 144937000,
    "MarketableSecurities_date": "2025-09-30",
    "NetIncome": -24635000,
    "NetIncome_date": "2025-09-30",
    "LongTermDebt": 1033000,
    "LongTermDebt_date": "2024-09-30",
    "Revenue": 0,
    "Revenue_date": "2022-12-31",
    "CFO": -63093000,
    "CFO_date": "2025-09-30",
    "OperatingExpenses": 82526000,
    "OperatingExpenses_date": "2025-09-30",
    "collected_at": "2026-01-27"
  },
  {
    "ticker": "TKNO",
    "cik": "0001850902",
    "Assets": 107625000,
    "Assets_date": "2025-09-30",
    "CurrentAssets": 36563000,
    "CurrentAssets_date": "2025-09-30",
    "Liabilities": 34975000,
    "Liabilities_date": "2025-09-30",
    "CurrentLiabilities": 6936000,
    "CurrentLiabilities_date": "2025-09-30",
    "ShareholdersEquity": 72650000,
    "ShareholdersEquity_date": "2025-09-30",
    "Cash": 3204000,
    "Cash_date": "2025-09-30",
    "MarketableSecurities": 0,
    "MarketableSecurities_date": "2021-12-31",
    "ShortTermInvestments": 18912000,
    "ShortTermInvestments_date": "2025-09-30",
    "R&D": 1675000,
    "R&D_date": "2025-09-30",
    "NetIncome": -12501000,
    "NetIncome_date": "2025-09-30",
    "LongTermDebt": 13076000,
    "LongTermDebt_date": "2025-09-30",
    "LongTermDebtCurrent": 0,
    "LongTermDebtCurrent_date": "2025-09-30",
    "Revenue": 30536000,
    "Revenue_date": "2025-09-30",
    "CFO": -8184000,
    "CFO_date": "2025-09-30",
    "OperatingExpenses": 22564000,
    "OperatingExpenses_date": "2025-09-30",
    "collected_at": "2026-01-27"
  },
  {
    "ticker": "TNGX",
    "cik": "0001819133",
    "Assets": 210136000,
    "Assets_date": "2025-09-30",
    "CurrentAssets": 163779000,
    "CurrentAssets_date": "2025-09-30",
    "Liabilities": 50105000,
    "Liabilities_date": "2025-09-30",
    "CurrentLiabilities": 18444000,
    "CurrentLiabilities_date": "2025-09-30",
    "ShareholdersEquity": 160031000,
    "ShareholdersEquity_date": "2025-09-30",
    "Cash": 58338000,
    "Cash_date": "2025-09-30",
    "MarketableSecurities": 94473000,
    "MarketableSecurities_date": "2025-09-30",
    "R&D": 100064000,
    "R&D_date": "2025-09-30",
    "NetIncome": -62845000,
    "NetIncome_date": "2025-09-30",
    "Revenue": 62384000,
    "Revenue_date": "2025-09-30",
    "CFO": -109168000,
    "CFO_date": "2025-09-30",
    "OperatingExpenses": 131809000,
    "OperatingExpenses_date": "2025-09-30",
    "collected_at": "2026-01-27"
  },
  {
    "ticker": "TNYA",
    "cik": "0001858848",
    "Assets": 104980000,
    "Assets_date": "2025-09-30",
    "CurrentAssets": 61239000,
    "CurrentAssets_date": "2025-09-30",
    "Liabilities": 22112000,
    "Liabilities_date": "2025-09-30",
    "CurrentLiabilities": 13210000,
    "CurrentLiabilities_date": "2025-09-30",
    "ShareholdersEquity": 82868000,
    "ShareholdersEquity_date": "2025-09-30",
    "Cash": 56312000,
    "Cash_date": "2025-09-30",
    "MarketableSecurities": 114956000,
    "MarketableSecurities_date": "2022-09-30",
    "ShortTermInvestments": 8996000,
    "ShortTermInvestments_date": "2025-06-30",
    "R&D": 53809000,
    "R&D_date": "2025-09-30",
    "NetIncome": -70422000,
    "NetIncome_date": "2025-09-30",
    "CFO": -54324000,
    "CFO_date": "2025-09-30",
    "OperatingExpenses": 72556000,
    "OperatingExpenses_date": "2025-09-30",
    "collected_at": "2026-01-27"
  },
  {
    "ticker": "TRDA",
    "cik": "0001689375",
    "Assets": 412898000,
    "Assets_date": "2025-09-30",
    "CurrentAssets": 338257000,
    "CurrentAssets_date": "2025-09-30",
    "Liabilities": 72182000,
    "Liabilities_date": "2025-09-30",
    "CurrentLiabilities": 24019000,
    "CurrentLiabilities_date": "2025-09-30",
    "ShareholdersEquity": 340716000,
    "ShareholdersEquity_date": "2025-09-30",
    "Cash": 93286000,
    "Cash_date": "2025-09-30",
    "MarketableSecurities": 162261000,
    "MarketableSecurities_date": "2022-09-30",
    "R&D": 108312000,
    "R&D_date": "2025-09-30",
    "NetIncome": -104586000,
    "NetIncome_date": "2025-09-30",
    "Revenue": 24122000,
    "Revenue_date": "2025-09-30",
    "CFO": -96309000,
    "CFO_date": "2025-09-30",
    "OperatingExpenses": 139812000,
    "OperatingExpenses_date": "2025-09-30",
    "collected_at": "2026-01-27"
  },
  {
    "ticker": "TRVI",
    "cik": "0001563880",
    "Assets": 199356000,
    "Assets_date": "2025-09-30",
    "CurrentAssets": 198299000,
    "CurrentAssets_date": "2025-09-30",
    "Liabilities": 9568000,
    "Liabilities_date": "2025-09-30",
    "CurrentLiabilities": 9041000,
    "CurrentLiabilities_date": "2025-09-30",
    "ShareholdersEquity": 189788000,
    "ShareholdersEquity_date": "2025-09-30",
    "Cash": 56869000,
    "Cash_date": "2025-09-30",
    "MarketableSecurities": 138058000,
    "MarketableSecurities_date": "2025-09-30",
    "R&D": 27285000,
    "R&D_date": "2025-09-30",
    "NetIncome": -34443000,
    "NetIncome_date": "2025-09-30",
    "CFO": -34458000,
    "CFO_date": "2025-09-30",
    "OperatingExpenses": 39108000,
    "OperatingExpenses_date": "2025-09-30",
    "InterestExpense": 2000,
    "InterestExpense_date": "2024-06-30",
    "collected_at": "2026-01-27"
  },
  {
    "ticker": "TSHA",
    "cik": "0001806310",
    "Assets": 316554000,
    "Assets_date": "2025-09-30",
    "CurrentAssets": 299951000,
    "CurrentAssets_date": "2025-09-30",
    "Liabilities": 97565000,
    "Liabilities_date": "2025-09-30",
    "CurrentLiabilities": 28631000,
    "CurrentLiabilities_date": "2025-09-30",
    "ShareholdersEquity": 218989000,
    "ShareholdersEquity_date": "2025-09-30",
    "Cash": 297344000,
    "Cash_date": "2025-09-30",
    "R&D": 61451000,
    "R&D_date": "2025-09-30",
    "NetIncome": -81144000,
    "NetIncome_date": "2025-09-30",
    "LongTermDebt": 38354000,
    "LongTermDebt_date": "2023-06-30",
    "Revenue": 4288000,
    "Revenue_date": "2025-09-30",
    "CFO": -66368000,
    "CFO_date": "2025-09-30",
    "OperatingExpenses": 86486000,
    "OperatingExpenses_date": "2025-09-30",
    "InterestExpense": 56000,
    "InterestExpense_date": "2024-06-30",
    "collected_at": "2026-01-27"
  },
  {
    "ticker": "TVTX",
    "cik": "0001438533",
    "Assets": 538581000,
    "Assets_date": "2025-09-30",
    "CurrentAssets": 371110000,
    "CurrentAssets_date": "2025-09-30",
    "Liabilities": 465017000,
    "Liabilities_date": "2025-09-30",
    "CurrentLiabilities": 135074000,
    "CurrentLiabilities_date": "2025-09-30",
    "ShareholdersEquity": 73564000,
    "ShareholdersEquity_date": "2025-09-30",
    "Cash": 110930000,
    "Cash_date": "2025-09-30",
    "AvailableForSaleSecurities": 166381000,
    "AvailableForSaleSecurities_date": "2018-06-30",
    "R&D": 7500000,
    "R&D_date": "2023-09-30",
    "NetIncome": -28275000,
    "NetIncome_date": "2025-09-30",
    "LongTermDebt": 46000000,
    "LongTermDebt_date": "2015-09-30",
    "ConvertibleDebt": 25000,
    "ConvertibleDebt_date": "2012-05-31",
    "Revenue": 361039000,
    "Revenue_date": "2025-09-30",
    "CFO": -22894000,
    "CFO_date": "2025-09-30",
    "OperatingExpenses": 391435000,
    "OperatingExpenses_date": "2025-09-30",
    "InterestExpense": 2800000,
    "InterestExpense_date": "2024-03-31",
    "collected_at": "2026-01-27"
  },
  {
    "ticker": "TWST",
    "cik": "0001581280",
    "Assets": 641861000,
    "Assets_date": "2025-09-30",
    "CurrentAssets": 332966000,
    "CurrentAssets_date": "2025-09-30",
    "Liabilities": 168903000,
    "Liabilities_date": "2025-09-30",
    "CurrentLiabilities": 91406000,
    "CurrentLiabilities_date": "2025-09-30",
    "ShareholdersEquity": 472958000,
    "ShareholdersEquity_date": "2025-09-30",
    "Cash": 183049000,
    "Cash_date": "2025-09-30",
    "ShortTermInvestments": 49385000,
    "ShortTermInvestments_date": "2025-09-30",
    "COGS": 185570000,
    "COGS_date": "2025-09-30",
    "R&D": 80285000,
    "R&D_date": "2025-09-30",
    "NetIncome": -77670000,
    "NetIncome_date": "2025-09-30",
    "LongTermDebt": 4166000,
    "LongTermDebt_date": "2020-09-30",
    "LongTermDebtCurrent": 0,
    "LongTermDebtCurrent_date": "2022-09-30",
    "CFO": -47628000,
    "CFO_date": "2025-09-30",
    "OperatingExpenses": 512831000,
    "OperatingExpenses_date": "2025-09-30",
    "InterestExpense": 0,
    "InterestExpense_date": "2024-03-31",
    "collected_at": "2026-01-27"
  },
  {
    "ticker": "TXG",
    "cik": "0001770787",
    "Assets": 1027361000,
    "Assets_date": "2025-09-30",
    "CurrentAssets": 659827000,
    "CurrentAssets_date": "2025-09-30",
    "Liabilities": 242241000,
    "Liabilities_date": "2025-09-30",
    "CurrentLiabilities": 147324000,
    "CurrentLiabilities_date": "2025-09-30",
    "ShareholdersEquity": 785120000,
    "ShareholdersEquity_date": "2025-09-30",
    "Cash": 344067000,
    "Cash_date": "2024-12-31",
    "COGS": 145957000,
    "COGS_date": "2025-09-30",
    "NetIncome": -27292000,
    "NetIncome_date": "2025-09-30",
    "LongTermDebt": 29719000,
    "LongTermDebt_date": "2019-12-31",
    "LongTermDebtCurrent": 0,
    "LongTermDebtCurrent_date": "2020-12-31",
    "Revenue": 476793000,
    "Revenue_date": "2025-09-30",
    "CFO": 95273000,
    "CFO_date": "2025-09-30",
    "OperatingExpenses": 372280000,
    "OperatingExpenses_date": "2025-09-30",
    "InterestExpense": 1000,
    "InterestExpense_date": "2024-03-31",
    "collected_at": "2026-01-27"
  },
  {
    "ticker": "TYRA",
    "cik": "0001863127",
    "Assets": 301851000,
    "Assets_date": "2025-09-30",
    "CurrentAssets": 281216000,
    "CurrentAssets_date": "2025-09-30",
    "Liabilities": 21342000,
    "Liabilities_date": "2025-09-30",
    "CurrentLiabilities": 15879000,
    "CurrentLiabilities_date": "2025-09-30",
    "ShareholdersEquity": 280509000,
    "ShareholdersEquity_date": "2025-09-30",
    "Cash": 61951000,
    "Cash_date": "2025-09-30",
    "R&D": 74742000,
    "R&D_date": "2025-09-30",
    "NetIncome": -86113000,
    "NetIncome_date": "2025-09-30",
    "CFO": -71518000,
    "CFO_date": "2025-09-30",
    "OperatingExpenses": 96246000,
    "OperatingExpenses_date": "2025-09-30",
    "collected_at": "2026-01-27"
  },
  {
    "ticker": "UPB",
    "cik": "0002022626",
    "Assets": 391195000,
    "Assets_date": "2025-09-30",
    "CurrentAssets": 389017000,
    "CurrentAssets_date": "2025-09-30",
    "Liabilities": 12611000,
    "Liabilities_date": "2025-09-30",
    "CurrentLiabilities": 11908000,
    "CurrentLiabilities_date": "2025-09-30",
    "ShareholdersEquity": 378584000,
    "ShareholdersEquity_date": "2025-09-30",
    "Cash": 72164000,
    "Cash_date": "2025-09-30",
    "ShortTermInvestments": 300263000,
    "ShortTermInvestments_date": "2025-09-30",
    "R&D": 96637000,
    "R&D_date": "2025-09-30",
    "NetIncome": -100984000,
    "NetIncome_date": "2025-09-30",
    "Revenue": 2186000,
    "Revenue_date": "2025-09-30",
    "CFO": -102644000,
    "CFO_date": "2025-09-30",
    "OperatingExpenses": 116380000,
    "OperatingExpenses_date": "2025-09-30",
    "collected_at": "2026-01-27"
  },
  {
    "ticker": "URGN",
    "cik": "0001668243",
    "Assets": 185046000,
    "Assets_date": "2025-09-30",
    "CurrentAssets": 168546000,
    "CurrentAssets_date": "2025-09-30",
    "Liabilities": 300454000,
    "Liabilities_date": "2025-09-30",
    "CurrentLiabilities": 42244000,
    "CurrentLiabilities_date": "2025-09-30",
    "ShareholdersEquity": -115408000,
    "ShareholdersEquity_date": "2025-09-30",
    "Cash": 90039000,
    "Cash_date": "2025-09-30",
    "ShortTermInvestments": 63790000,
    "ShortTermInvestments_date": "2025-09-30",
    "COGS": 9158000,
    "COGS_date": "2025-09-30",
    "R&D": 52793000,
    "R&D_date": "2025-09-30",
    "NetIncome": -127130000,
    "NetIncome_date": "2025-09-30",
    "Revenue": 71951000,
    "Revenue_date": "2025-09-30",
    "CFO": -124119000,
    "CFO_date": "2025-09-30",
    "OperatingExpenses": 109496000,
    "OperatingExpenses_date": "2019-12-31",
    "collected_at": "2026-01-27"
  },
  {
    "ticker": "VCEL",
    "cik": "0000887359",
    "Assets": 453274000,
    "Assets_date": "2025-09-30",
    "CurrentAssets": 221967000,
    "CurrentAssets_date": "2025-09-30",
    "Liabilities": 131416000,
    "Liabilities_date": "2025-09-30",
    "CurrentLiabilities": 45582000,
    "CurrentLiabilities_date": "2025-09-30",
    "ShareholdersEquity": 321858000,
    "ShareholdersEquity_date": "2025-09-30",
    "Cash": 100403000,
    "Cash_date": "2025-09-30",
    "ShortTermInvestments": 34977000,
    "ShortTermInvestments_date": "2025-09-30",
    "R&D": 20310000,
    "R&D_date": "2025-09-30",
    "NetIncome": -6725000,
    "NetIncome_date": "2025-09-30",
    "LongTermDebtCurrent": 38000,
    "LongTermDebtCurrent_date": "2014-09-30",
    "Revenue": 183341000,
    "Revenue_date": "2025-09-30",
    "CFO": 36896000,
    "CFO_date": "2025-09-30",
    "OperatingExpenses": 143842000,
    "OperatingExpenses_date": "2025-09-30",
    "InterestExpense": 153000,
    "InterestExpense_date": "2024-03-31",
    "collected_at": "2026-01-27"
  },
  {
    "ticker": "VERA",
    "cik": "0001831828",
    "Assets": 517503000,
    "Assets_date": "2025-09-30",
    "CurrentAssets": 511311000,
    "CurrentAssets_date": "2025-09-30",
    "Liabilities": 118623000,
    "Liabilities_date": "2025-09-30",
    "CurrentLiabilities": 41880000,
    "CurrentLiabilities_date": "2025-09-30",
    "ShareholdersEquity": 398880000,
    "ShareholdersEquity_date": "2025-09-30",
    "Cash": 57773000,
    "Cash_date": "2025-09-30",
    "MarketableSecurities": 439616000,
    "MarketableSecurities_date": "2025-09-30",
    "R&D": 155946000,
    "R&D_date": "2025-09-30",
    "NetIncome": -208518000,
    "NetIncome_date": "2025-09-30",
    "LongTermDebt": 74648000,
    "LongTermDebt_date": "2025-09-30",
    "CFO": -171110000,
    "CFO_date": "2025-09-30",
    "OperatingExpenses": 221267000,
    "OperatingExpenses_date": "2025-09-30",
    "InterestExpense": 3819000,
    "InterestExpense_date": "2024-06-30",
    "collected_at": "2026-01-27"
  },
  {
    "ticker": "VIR",
    "cik": "0001706431",
    "Assets": 1019453000,
    "Assets_date": "2025-09-30",
    "CurrentAssets": 545684000,
    "CurrentAssets_date": "2025-09-30",
    "Liabilities": 223355000,
    "Liabilities_date": "2025-09-30",
    "CurrentLiabilities": 75222000,
    "CurrentLiabilities_date": "2025-09-30",
    "ShareholdersEquity": 796098000,
    "ShareholdersEquity_date": "2025-09-30",
    "Cash": 170084000,
    "Cash_date": "2025-09-30",
    "MarketableSecurities": 327750000,
    "MarketableSecurities_date": "2025-09-30",
    "COGS": 11000,
    "COGS_date": "2025-06-30",
    "R&D": 367617000,
    "R&D_date": "2025-09-30",
    "NetIncome": -395064000,
    "NetIncome_date": "2025-09-30",
    "Revenue": 4486000,
    "Revenue_date": "2025-09-30",
    "CFO": -365905000,
    "CFO_date": "2025-09-30",
    "OperatingExpenses": 435893000,
    "OperatingExpenses_date": "2025-09-30",
    "collected_at": "2026-01-27"
  },
  {
    "ticker": "VNDA",
    "cik": "0001347178",
    "Assets": 601140000,
    "Assets_date": "2025-09-30",
    "CurrentAssets": 367496000,
    "CurrentAssets_date": "2025-09-30",
    "Liabilities": 135141000,
    "Liabilities_date": "2025-09-30",
    "CurrentLiabilities": 117870000,
    "CurrentLiabilities_date": "2025-09-30",
    "ShareholdersEquity": 465999000,
    "ShareholdersEquity_date": "2025-09-30",
    "Cash": 70022000,
    "Cash_date": "2025-09-30",
    "R&D": 80265000,
    "R&D_date": "2025-09-30",
    "NetIncome": -79287000,
    "NetIncome_date": "2025-09-30",
    "Revenue": 158889000,
    "Revenue_date": "2025-09-30",
    "CFO": -80025000,
    "CFO_date": "2025-09-30",
    "OperatingExpenses": 269704000,
    "OperatingExpenses_date": "2025-09-30",
    "collected_at": "2026-01-27"
  },
  {
    "ticker": "VTYX",
    "cik": "0001851194",
    "Assets": 211465000,
    "Assets_date": "2025-09-30",
    "CurrentAssets": 201094000,
    "CurrentAssets_date": "2025-09-30",
    "Liabilities": 20101000,
    "Liabilities_date": "2025-09-30",
    "CurrentLiabilities": 11259000,
    "CurrentLiabilities_date": "2025-09-30",
    "ShareholdersEquity": 191364000,
    "ShareholdersEquity_date": "2025-09-30",
    "Cash": 31970000,
    "Cash_date": "2025-09-30",
    "MarketableSecurities": 160668000,
    "MarketableSecurities_date": "2025-09-30",
    "R&D": 62870000,
    "R&D_date": "2025-09-30",
    "NetIncome": -77256000,
    "NetIncome_date": "2025-09-30",
    "CFO": -64503000,
    "CFO_date": "2025-09-30",
    "OperatingExpenses": 84304000,
    "OperatingExpenses_date": "2025-09-30",
    "collected_at": "2026-01-27"
  },
  {
    "ticker": "VYGR",
    "cik": "0001640266",
    "Assets": 288311000,
    "Assets_date": "2025-09-30",
    "CurrentAssets": 219585000,
    "CurrentAssets_date": "2025-09-30",
    "Liabilities": 68486000,
    "Liabilities_date": "2025-09-30",
    "CurrentLiabilities": 35495000,
    "CurrentLiabilities_date": "2025-09-30",
    "ShareholdersEquity": 219825000,
    "ShareholdersEquity_date": "2025-09-30",
    "Cash": 45125000,
    "Cash_date": "2025-09-30",
    "MarketableSecurities": 163805000,
    "MarketableSecurities_date": "2025-09-30",
    "R&D": 98722000,
    "R&D_date": "2025-09-30",
    "NetIncome": -92295000,
    "NetIncome_date": "2025-09-30",
    "Revenue": 25038000,
    "Revenue_date": "2025-09-30",
    "CFO": -102204000,
    "CFO_date": "2025-09-30",
    "OperatingExpenses": 126950000,
    "OperatingExpenses_date": "2025-09-30",
    "InterestExpense": -562000,
    "InterestExpense_date": "2016-06-30",
    "collected_at": "2026-01-27"
  },
  {
    "ticker": "WVE",
    "cik": "0001631574",
    "Assets": 241378000,
    "Assets_date": "2025-09-30",
    "CurrentAssets": 215488000,
    "CurrentAssets_date": "2025-09-30",
    "Liabilities": 108955000,
    "Liabilities_date": "2025-09-30",
    "CurrentLiabilities": 85896000,
    "CurrentLiabilities_date": "2025-09-30",
    "ShareholdersEquity": 124549000,
    "ShareholdersEquity_date": "2025-09-30",
    "Cash": 196218000,
    "Cash_date": "2025-09-30",
    "ShortTermInvestments": 25044000,
    "ShortTermInvestments_date": "2022-09-30",
    "R&D": 129965000,
    "R&D_date": "2025-09-30",
    "NetIncome": -151199000,
    "NetIncome_date": "2025-09-30",
    "Revenue": 17874000,
    "Revenue_date": "2025-06-30",
    "CFO": -153717000,
    "CFO_date": "2025-09-30",
    "OperatingExpenses": 184398000,
    "OperatingExpenses_date": "2025-09-30",
    "collected_at": "2026-01-27"
  },
  {
    "ticker": "XENE",
    "cik": "0001582313",
    "Assets": 607836000,
    "Assets_date": "2025-09-30",
    "CurrentAssets": 480137000,
    "CurrentAssets_date": "2025-09-30",
    "Liabilities": 48325000,
    "Liabilities_date": "2025-09-30",
    "CurrentLiabilities": 38335000,
    "CurrentLiabilities_date": "2025-09-30",
    "ShareholdersEquity": 559511000,
    "ShareholdersEquity_date": "2025-09-30",
    "Cash": 104514000,
    "Cash_date": "2025-09-30",
    "MarketableSecurities": 357754000,
    "MarketableSecurities_date": "2025-09-30",
    "R&D": 213239000,
    "R&D_date": "2025-09-30",
    "NetIncome": -240649000,
    "NetIncome_date": "2025-09-30",
    "LongTermDebtCurrent": 15676000,
    "LongTermDebtCurrent_date": "2020-03-31",
    "Revenue": 311000,
    "Revenue_date": "2017-12-31",
    "CFO": -197637000,
    "CFO_date": "2025-09-30",
    "OperatingExpenses": 270803000,
    "OperatingExpenses_date": "2025-09-30",
    "InterestExpense": 484000,
    "InterestExpense_date": "2020-12-31",
    "collected_at": "2026-01-27"
  },
  {
    "ticker": "XNCR",
    "cik": "0001326732",
    "Assets": 868811000,
    "Assets_date": "2025-09-30",
    "CurrentAssets": 518441000,
    "CurrentAssets_date": "2025-09-30",
    "Liabilities": 243495000,
    "Liabilities_date": "2025-09-30",
    "CurrentLiabilities": 86485000,
    "CurrentLiabilities_date": "2025-09-30",
    "ShareholdersEquity": 625316000,
    "ShareholdersEquity_date": "2025-09-30",
    "Cash": 28291000,
    "Cash_date": "2025-09-30",
    "MarketableSecurities": 487688000,
    "MarketableSecurities_date": "2020-09-30",
    "R&D": 174610000,
    "R&D_date": "2025-09-30",
    "NetIncome": -85270000,
    "NetIncome_date": "2025-09-30",
    "Revenue": 97339000,
    "Revenue_date": "2025-09-30",
    "CFO": -83406000,
    "CFO_date": "2025-09-30",
    "OperatingExpenses": 221213000,
    "OperatingExpenses_date": "2025-09-30",
    "InterestExpense": 9676000,
    "InterestExpense_date": "2024-03-31",
    "collected_at": "2026-01-27"
  },
  {
    "ticker": "ZBIO",
    "cik": "0001953926",
    "Assets": 322018000,
    "Assets_date": "2025-09-30",
    "CurrentAssets": 296642000,
    "CurrentAssets_date": "2025-09-30",
    "Liabilities": 125590000,
    "Liabilities_date": "2025-09-30",
    "CurrentLiabilities": 52421000,
    "CurrentLiabilities_date": "2025-09-30",
    "ShareholdersEquity": 196428000,
    "ShareholdersEquity_date": "2025-09-30",
    "Cash": 115565000,
    "Cash_date": "2025-09-30",
    "ShortTermInvestments": 175319000,
    "ShortTermInvestments_date": "2025-09-30",
    "R&D": 112343000,
    "R&D_date": "2025-09-30",
    "NetIncome": -137295000,
    "NetIncome_date": "2025-09-30",
    "Revenue": 10000000,
    "Revenue_date": "2025-09-30",
    "CFO": -119919000,
    "CFO_date": "2025-09-30",
    "OperatingExpenses": 155073000,
    "OperatingExpenses_date": "2025-09-30",
    "collected_at": "2026-01-27"
  },
  {
    "ticker": "ZLAB",
    "cik": "0001704292",
    "Assets": 1158940000,
    "Assets_date": "2025-09-30",
    "CurrentAssets": 1032948000,
    "CurrentAssets_date": "2025-09-30",
    "Liabilities": 398995000,
    "Liabilities_date": "2025-09-30",
    "CurrentLiabilities": 359769000,
    "CurrentLiabilities_date": "2025-09-30",
    "ShareholdersEquity": 759945000,
    "ShareholdersEquity_date": "2025-09-30",
    "Cash": 717155000,
    "Cash_date": "2025-09-30",
    "ShortTermInvestments": 0,
    "ShortTermInvestments_date": "2025-09-30",
    "COGS": 33619000,
    "COGS_date": "2024-03-31",
    "R&D": 159271000,
    "R&D_date": "2025-09-30",
    "NetIncome": -125128000,
    "NetIncome_date": "2025-09-30",
    "Revenue": 330095000,
    "Revenue_date": "2025-09-30",
    "CFO": -124767000,
    "CFO_date": "2025-09-30",
    "InterestExpense": 2254000,
    "InterestExpense_date": "2024-12-31",
    "collected_at": "2026-01-27"
  },
  {
    "ticker": "ZVRA",
    "cik": "0001434647",
    "Assets": 270116000,
    "Assets_date": "2025-09-30",
    "CurrentAssets": 225115000,
    "CurrentAssets_date": "2025-09-30",
    "Liabilities": 136951000,
    "Liabilities_date": "2025-09-30",
    "CurrentLiabilities": 26112000,
    "CurrentLiabilities_date": "2025-09-30",
    "ShareholdersEquity": 133165000,
    "ShareholdersEquity_date": "2025-09-30",
    "Cash": 54439000,
    "Cash_date": "2025-09-30",
    "MarketableSecurities": 1338000,
    "MarketableSecurities_date": "2022-03-31",
    "ShortTermInvestments": 5832000,
    "ShortTermInvestments_date": "2022-09-30",
    "COGS": 2945000,
    "COGS_date": "2023-12-31",
    "R&D": 3082000,
    "R&D_date": "2022-03-31",
    "NetIncome": 71064000,
    "NetIncome_date": "2025-09-30",
    "LongTermDebt": 61310000,
    "LongTermDebt_date": "2025-09-30",
    "ConvertibleDebt": 0,
    "ConvertibleDebt_date": "2022-09-30",
    "Revenue": 0,
    "Revenue_date": "2016-03-31",
    "CFO": -7114000,
    "CFO_date": "2025-09-30",
    "OperatingExpenses": 67385000,
    "OperatingExpenses_date": "2025-09-30",
    "InterestExpense": 735000,
    "InterestExpense_date": "2024-03-31",
    "collected_at": "2026-01-27"
  },
  {
    "ticker": "ZYME",
    "cik": "0001937653",
    "Assets": 397269000,
    "Assets_date": "2025-09-30",
    "CurrentAssets": 291712000,
    "CurrentAssets_date": "2025-09-30",
    "Liabilities": 77205000,
    "Liabilities_date": "2025-09-30",
    "CurrentLiabilities": 42043000,
    "CurrentLiabilities_date": "2025-09-30",
    "ShareholdersEquity": 320064000,
    "ShareholdersEquity_date": "2025-09-30",
    "Cash": 64834000,
    "Cash_date": "2025-09-30",
    "ShortTermInvestments": 216770000,
    "ShortTermInvestments_date": "2023-12-31",
    "R&D": 32042000,
    "R&D_date": "2024-03-31",
    "NetIncome": -39921000,
    "NetIncome_date": "2025-09-30",
    "Revenue": 103450000,
    "Revenue_date": "2025-09-30",
    "CFO": -22746000,
    "CFO_date": "2025-09-30",
    "OperatingExpenses": 151847000,
    "OperatingExpenses_date": "2025-09-30",
    "collected_at": "2026-01-27"
  },
  {
    "ticker": "AMPH",
    "cik": "0001297184",
    "Assets": 1666222000,
    "Assets_date": "2025-09-30",
    "CurrentAssets": 639470000,
    "CurrentAssets_date": "2025-09-30",
    "Liabilities": 889476000,
    "Liabilities_date": "2025-09-30",
    "CurrentLiabilities": 205227000,
    "CurrentLiabilities_date": "2025-09-30",
    "ShareholdersEquity": 445522000,
    "ShareholdersEquity_date": "2021-12-31",
    "Cash": 216265000,
    "Cash_date": "2025-09-30",
    "ShortTermInvestments": 59944000,
    "ShortTermInvestments_date": "2025-09-30",
    "COGS": 266395000,
    "COGS_date": "2025-09-30",
    "R&D": 62530000,
    "R&D_date": "2025-09-30",
    "NetIncome": 73665000,
    "NetIncome_date": "2025-09-30",
    "LongTermDebt": 40295000,
    "LongTermDebt_date": "2015-12-31",
    "Revenue": 536782000,
    "Revenue_date": "2025-09-30",
    "CFO": 123252000,
    "CFO_date": "2025-09-30",
    "OperatingExpenses": 165590000,
    "OperatingExpenses_date": "2025-09-30",
    "InterestExpense": 8611000,
    "InterestExpense_date": "2024-03-31",
    "collected_at": "2026-01-27"
  },
  {
    "ticker": "AMRX",
    "cik": "0001723128",
    "Assets": 3599874000,
    "Assets_date": "2025-09-30",
    "CurrentAssets": 1838478000,
    "CurrentAssets_date": "2025-09-30",
    "Liabilities": 0,
    "Liabilities_date": "2018-03-31",
    "CurrentLiabilities": 862106000,
    "CurrentLiabilities_date": "2025-09-30",
    "ShareholdersEquity": -109458000,
    "ShareholdersEquity_date": "2025-09-30",
    "Cash": 201249000,
    "Cash_date": "2025-09-30",
    "R&D": 151356000,
    "R&D_date": "2025-09-30",
    "NetIncome": 36981000,
    "NetIncome_date": "2025-09-30",
    "LongTermDebt": 2573702000,
    "LongTermDebt_date": "2025-09-30",
    "LongTermDebtCurrent": 7202000,
    "LongTermDebtCurrent_date": "2025-09-30",
    "Revenue": 2204441000,
    "Revenue_date": "2025-09-30",
    "CFO": 209677000,
    "CFO_date": "2025-09-30",
    "OperatingExpenses": 0,
    "OperatingExpenses_date": "2018-03-31",
    "collected_at": "2026-01-27"
  },
  {
    "ticker": "ANIP",
    "cik": "0001023024",
    "Assets": 1408152000,
    "Assets_date": "2025-09-30",
    "CurrentAssets": 698402000,
    "CurrentAssets_date": "2025-09-30",
    "Liabilities": 902335000,
    "Liabilities_date": "2025-09-30",
    "CurrentLiabilities": 270555000,
    "CurrentLiabilities_date": "2025-09-30",
    "ShareholdersEquity": 505817000,
    "ShareholdersEquity_date": "2025-09-30",
    "Cash": 262610000,
    "Cash_date": "2025-09-30",
    "COGS": 19985000,
    "COGS_date": "2021-03-31",
    "R&D": 39403000,
    "R&D_date": "2025-09-30",
    "NetIncome": 50847000,
    "NetIncome_date": "2025-09-30",
    "LongTermDebt": 134100000,
    "LongTermDebt_date": "2018-09-30",
    "LongTermDebtCurrent": 15241000,
    "LongTermDebtCurrent_date": "2025-09-30",
    "Revenue": 636306000,
    "Revenue_date": "2025-09-30",
    "CFO": 154858000,
    "CFO_date": "2025-09-30",
    "OperatingExpenses": 559980000,
    "OperatingExpenses_date": "2025-09-30",
    "InterestExpense": 24607000,
    "InterestExpense_date": "2025-09-30",
    "collected_at": "2026-01-27"
  },
  {
    "ticker": "AQST",
    "cik": "0001398733",
    "Assets": 163559000,
    "Assets_date": "2025-09-30",
    "CurrentAssets": 151673000,
    "CurrentAssets_date": "2025-09-30",
    "Liabilities": 167668000,
    "Liabilities_date": "2025-09-30",
    "CurrentLiabilities": 25574000,
    "CurrentLiabilities_date": "2025-09-30",
    "ShareholdersEquity": -4109000,
    "ShareholdersEquity_date": "2025-09-30",
    "Cash": 129063000,
    "Cash_date": "2025-09-30",
    "R&D": 13996000,
    "R&D_date": "2025-09-30",
    "NetIncome": -51924000,
    "NetIncome_date": "2025-09-30",
    "LongTermDebt": 45000000,
    "LongTermDebt_date": "2025-09-30",
    "Revenue": 31530000,
    "Revenue_date": "2025-09-30",
    "CFO": -43963000,
    "CFO_date": "2025-09-30",
    "OperatingExpenses": 73742000,
    "OperatingExpenses_date": "2025-09-30",
    "InterestExpense": 5563000,
    "InterestExpense_date": "2024-06-30",
    "collected_at": "2026-01-27"
  },
  {
    "ticker": "ARDX",
    "cik": "0001437402",
    "Assets": 486170000,
    "Assets_date": "2025-09-30",
    "CurrentAssets": 367985000,
    "CurrentAssets_date": "2025-09-30",
    "Liabilities": 331890000,
    "Liabilities_date": "2025-09-30",
    "CurrentLiabilities": 83389000,
    "CurrentLiabilities_date": "2025-09-30",
    "ShareholdersEquity": 154280000,
    "ShareholdersEquity_date": "2025-09-30",
    "Cash": 42715000,
    "Cash_date": "2025-09-30",
    "COGS": 1537000,
    "COGS_date": "2023-03-31",
    "R&D": 48671000,
    "R&D_date": "2025-09-30",
    "NetIncome": -61192000,
    "NetIncome_date": "2025-09-30",
    "LongTermDebt": 202138000,
    "LongTermDebt_date": "2025-09-30",
    "LongTermDebtCurrent": 26541000,
    "LongTermDebtCurrent_date": "2022-09-30",
    "Revenue": 282105000,
    "Revenue_date": "2025-09-30",
    "CFO": -63434000,
    "CFO_date": "2025-09-30",
    "OperatingExpenses": 299493000,
    "OperatingExpenses_date": "2025-09-30",
    "InterestExpense": 2356000,
    "InterestExpense_date": "2024-03-31",
    "collected_at": "2026-01-27"
  },
  {
    "ticker": "CHRS",
    "cik": "0001512762",
    "Assets": 516519000,
    "Assets_date": "2025-09-30",
    "CurrentAssets": 460955000,
    "CurrentAssets_date": "2025-09-30",
    "Liabilities": 428745000,
    "Liabilities_date": "2025-09-30",
    "CurrentLiabilities": 372297000,
    "CurrentLiabilities_date": "2025-09-30",
    "ShareholdersEquity": 87774000,
    "ShareholdersEquity_date": "2025-09-30",
    "Cash": 103352000,
    "Cash_date": "2025-09-30",
    "MarketableSecurities": 88311000,
    "MarketableSecurities_date": "2025-09-30",
    "R&D": 77914000,
    "R&D_date": "2025-09-30",
    "NetIncome": 205667000,
    "NetIncome_date": "2025-09-30",
    "LongTermDebt": 73663000,
    "LongTermDebt_date": "2019-12-31",
    "Revenue": 123856000,
    "Revenue_date": "2019-12-31",
    "CFO": -118797000,
    "CFO_date": "2025-09-30",
    "OperatingExpenses": 164678000,
    "OperatingExpenses_date": "2025-09-30",
    "InterestExpense": 6752000,
    "InterestExpense_date": "2025-09-30",
    "collected_at": "2026-01-27"
  },
  {
    "ticker": "COLL",
    "cik": "0001267565",
    "Assets": 1607328000,
    "Assets_date": "2025-09-30",
    "CurrentAssets": 613870000,
    "CurrentAssets_date": "2025-09-30",
    "Liabilities": 1332520000,
    "Liabilities_date": "2025-09-30",
    "CurrentLiabilities": 452929000,
    "CurrentLiabilities_date": "2025-09-30",
    "ShareholdersEquity": 274808000,
    "ShareholdersEquity_date": "2025-09-30",
    "Cash": 150096000,
    "Cash_date": "2025-09-30",
    "MarketableSecurities": 135767000,
    "MarketableSecurities_date": "2025-09-30",
    "R&D": 0,
    "R&D_date": "2024-12-31",
    "NetIncome": 45907000,
    "NetIncome_date": "2025-09-30",
    "LongTermDebt": 11500000,
    "LongTermDebt_date": "2019-12-31",
    "Revenue": 575118000,
    "Revenue_date": "2025-09-30",
    "CFO": 206275000,
    "CFO_date": "2025-09-30",
    "OperatingExpenses": 216000000,
    "OperatingExpenses_date": "2025-09-30",
    "InterestExpense": 17339000,
    "InterestExpense_date": "2024-03-31",
    "collected_at": "2026-01-27"
  },
  {
    "ticker": "CRMD",
    "cik": "0001410098",
    "Assets": 750861478,
    "Assets_date": "2025-09-30",
    "CurrentAssets": 259535273,
    "CurrentAssets_date": "2025-09-30",
    "Liabilities": 376732072,
    "Liabilities_date": "2025-09-30",
    "CurrentLiabilities": 133643797,
    "CurrentLiabilities_date": "2025-09-30",
    "ShareholdersEquity": 374129406,
    "ShareholdersEquity_date": "2025-09-30",
    "Cash": 48493076,
    "Cash_date": "2025-09-30",
    "MarketableSecurities": 8090909,
    "MarketableSecurities_date": "2025-09-30",
    "ShortTermInvestments": 7223735,
    "ShortTermInvestments_date": "2025-09-30",
    "COGS": 10921333,
    "COGS_date": "2025-09-30",
    "R&D": 10732793,
    "R&D_date": "2025-09-30",
    "NetIncome": 149034859,
    "NetIncome_date": "2025-09-30",
    "Revenue": 183093736,
    "Revenue_date": "2025-09-30",
    "CFO": 80584819,
    "CFO_date": "2025-09-30",
    "OperatingExpenses": 77425206,
    "OperatingExpenses_date": "2025-09-30",
    "InterestExpense": 16391,
    "InterestExpense_date": "2024-06-30",
    "collected_at": "2026-01-27"
  },
  {
    "ticker": "EOLS",
    "cik": "0001570562",
    "Assets": 218997000,
    "Assets_date": "2025-09-30",
    "CurrentAssets": 134889000,
    "CurrentAssets_date": "2025-09-30",
    "Liabilities": 247757000,
    "Liabilities_date": "2025-09-30",
    "CurrentLiabilities": 66711000,
    "CurrentLiabilities_date": "2025-09-30",
    "ShareholdersEquity": -28760000,
    "ShareholdersEquity_date": "2025-09-30",
    "Cash": 43523000,
    "Cash_date": "2025-09-30",
    "R&D": 468000,
    "R&D_date": "2022-03-31",
    "NetIncome": -51771000,
    "NetIncome_date": "2025-09-30",
    "LongTermDebt": 121807000,
    "LongTermDebt_date": "2025-03-31",
    "Revenue": 206876000,
    "Revenue_date": "2025-09-30",
    "CFO": -55092000,
    "CFO_date": "2025-09-30",
    "OperatingExpenses": 174698000,
    "OperatingExpenses_date": "2025-09-30",
    "InterestExpense": 4702000,
    "InterestExpense_date": "2024-03-31",
    "collected_at": "2026-01-27"
  },
  {
    "ticker": "ESPR",
    "cik": "0001434868",
    "Assets": 364020000,
    "Assets_date": "2025-09-30",
    "CurrentAssets": 360464000,
    "CurrentAssets_date": "2025-09-30",
    "Liabilities": 815381000,
    "Liabilities_date": "2025-09-30",
    "CurrentLiabilities": 359033000,
    "CurrentLiabilities_date": "2025-09-30",
    "ShareholdersEquity": -451361000,
    "ShareholdersEquity_date": "2025-09-30",
    "Cash": 92447000,
    "Cash_date": "2025-09-30",
    "ShortTermInvestments": 0,
    "ShortTermInvestments_date": "2023-12-31",
    "AvailableForSaleSecurities": 165731000,
    "AvailableForSaleSecurities_date": "2017-12-31",
    "NetIncome": -84513000,
    "NetIncome_date": "2025-09-30",
    "LongTermDebt": 5000000,
    "LongTermDebt_date": "2014-06-30",
    "LongTermDebtCurrent": 152000,
    "LongTermDebtCurrent_date": "2018-06-30",
    "Revenue": 234689000,
    "Revenue_date": "2025-09-30",
    "CFO": -58336000,
    "CFO_date": "2025-09-30",
    "OperatingExpenses": 259649000,
    "OperatingExpenses_date": "2025-09-30",
    "InterestExpense": 14024000,
    "InterestExpense_date": "2024-03-31",
    "collected_at": "2026-01-27"
  },
  {
    "ticker": "ETON",
    "cik": "0001710340",
    "Assets": 104510000,
    "Assets_date": "2025-09-30",
    "CurrentAssets": 72000000,
    "CurrentAssets_date": "2025-09-30",
    "Liabilities": 81384000,
    "Liabilities_date": "2025-09-30",
    "CurrentLiabilities": 44183000,
    "CurrentLiabilities_date": "2025-09-30",
    "ShareholdersEquity": 23126000,
    "ShareholdersEquity_date": "2025-09-30",
    "Cash": 37121000,
    "Cash_date": "2025-09-30",
    "R&D": 5985000,
    "R&D_date": "2025-09-30",
    "NetIncome": -6084000,
    "NetIncome_date": "2025-09-30",
    "LongTermDebt": 29992000,
    "LongTermDebt_date": "2025-03-31",
    "LongTermDebtCurrent": 0,
    "LongTermDebtCurrent_date": "2024-12-31",
    "Revenue": 58669000,
    "Revenue_date": "2025-09-30",
    "CFO": 22075000,
    "CFO_date": "2025-09-30",
    "OperatingExpenses": 32948000,
    "OperatingExpenses_date": "2025-09-30",
    "InterestExpense": 1212000,
    "InterestExpense_date": "2025-09-30",
    "collected_at": "2026-01-27"
  },
  {
    "ticker": "EYPT",
    "cik": "0001314102",
    "Assets": 251695000,
    "Assets_date": "2025-09-30",
    "CurrentAssets": 216106000,
    "CurrentAssets_date": "2025-09-30",
    "Liabilities": 51513000,
    "Liabilities_date": "2025-09-30",
    "CurrentLiabilities": 30094000,
    "CurrentLiabilities_date": "2025-09-30",
    "ShareholdersEquity": 200182000,
    "ShareholdersEquity_date": "2025-09-30",
    "Cash": 74577000,
    "Cash_date": "2025-09-30",
    "MarketableSecurities": 129445000,
    "MarketableSecurities_date": "2025-09-30",
    "AvailableForSaleSecurities": 0,
    "AvailableForSaleSecurities_date": "2020-12-31",
    "R&D": 161825000,
    "R&D_date": "2025-09-30",
    "NetIncome": -164353000,
    "NetIncome_date": "2025-09-30",
    "LongTermDebt": 30000000,
    "LongTermDebt_date": "2023-03-31",
    "Revenue": 30751000,
    "Revenue_date": "2025-09-30",
    "CFO": -175063000,
    "CFO_date": "2025-09-30",
    "OperatingExpenses": 203840000,
    "OperatingExpenses_date": "2025-09-30",
    "InterestExpense": 0,
    "InterestExpense_date": "2024-06-30",
    "collected_at": "2026-01-27"
  },
  {
    "ticker": "GH",
    "cik": "0001576280",
    "Assets": 1276786000,
    "Assets_date": "2025-09-30",
    "CurrentAssets": 828885000,
    "CurrentAssets_date": "2025-09-30",
    "Liabilities": 1631259000,
    "Liabilities_date": "2025-09-30",
    "CurrentLiabilities": 236919000,
    "CurrentLiabilities_date": "2025-09-30",
    "ShareholdersEquity": -354473000,
    "ShareholdersEquity_date": "2025-09-30",
    "Cash": 580013000,
    "Cash_date": "2025-09-30",
    "MarketableSecurities": 869584000,
    "MarketableSecurities_date": "2022-12-31",
    "R&D": 265927000,
    "R&D_date": "2025-09-30",
    "NetIncome": -287783000,
    "NetIncome_date": "2025-09-30",
    "LongTermDebt": 1114594000,
    "LongTermDebt_date": "2025-09-30",
    "Revenue": 700755000,
    "Revenue_date": "2025-09-30",
    "CFO": -158387000,
    "CFO_date": "2025-09-30",
    "OperatingExpenses": 1017198000,
    "OperatingExpenses_date": "2025-09-30",
    "InterestExpense": 2717000,
    "InterestExpense_date": "2025-09-30",
    "collected_at": "2026-01-27"
  },
  {
    "ticker": "HRMY",
    "cik": "0001802665",
    "Assets": 1208218000,
    "Assets_date": "2025-09-30",
    "CurrentAssets": 838800000,
    "CurrentAssets_date": "2025-09-30",
    "Liabilities": 373095000,
    "Liabilities_date": "2025-09-30",
    "CurrentLiabilities": 223403000,
    "CurrentLiabilities_date": "2025-09-30",
    "ShareholdersEquity": 835123000,
    "ShareholdersEquity_date": "2025-09-30",
    "Cash": 646999000,
    "Cash_date": "2025-09-30",
    "ShortTermInvestments": 25582000,
    "ShortTermInvestments_date": "2025-09-30",
    "R&D": 139661000,
    "R&D_date": "2025-09-30",
    "NetIncome": 136201000,
    "NetIncome_date": "2025-09-30",
    "LongTermDebt": 168506000,
    "LongTermDebt_date": "2025-09-30",
    "LongTermDebtCurrent": 20000000,
    "LongTermDebtCurrent_date": "2025-09-30",
    "Revenue": 624677000,
    "Revenue_date": "2025-09-30",
    "CFO": 222048000,
    "CFO_date": "2025-09-30",
    "OperatingExpenses": 324968000,
    "OperatingExpenses_date": "2025-09-30",
    "InterestExpense": 11103000,
    "InterestExpense_date": "2025-09-30",
    "collected_at": "2026-01-27"
  },
  {
    "ticker": "HROW",
    "cik": "0001360214",
    "Assets": 363074000,
    "Assets_date": "2025-09-30",
    "CurrentAssets": 177604000,
    "CurrentAssets_date": "2025-09-30",
    "Liabilities": 316413000,
    "Liabilities_date": "2025-09-30",
    "CurrentLiabilities": 65400000,
    "CurrentLiabilities_date": "2025-09-30",
    "ShareholdersEquity": 47016000,
    "ShareholdersEquity_date": "2025-09-30",
    "Cash": 74290000,
    "Cash_date": "2025-09-30",
    "ShortTermInvestments": 7433000,
    "ShortTermInvestments_date": "2024-03-31",
    "R&D": 9217000,
    "R&D_date": "2025-09-30",
    "NetIncome": -11765000,
    "NetIncome_date": "2025-09-30",
    "LongTermDebt": 347239000,
    "LongTermDebt_date": "2025-09-30",
    "LongTermDebtCurrent": 553000,
    "LongTermDebtCurrent_date": "2019-03-31",
    "ConvertibleDebt": 0,
    "ConvertibleDebt_date": "2012-12-31",
    "Revenue": 183211000,
    "Revenue_date": "2025-09-30",
    "CFO": 35453000,
    "CFO_date": "2025-09-30",
    "OperatingExpenses": 118821000,
    "OperatingExpenses_date": "2025-09-30",
    "InterestExpense": 5415000,
    "InterestExpense_date": "2024-03-31",
    "collected_at": "2026-01-27"
  },
  {
    "ticker": "INDV",
    "cik": "0001625297",
    "Assets": 1416000000,
    "Assets_date": "2025-09-30",
    "CurrentAssets": 922000000,
    "CurrentAssets_date": "2025-09-30",
    "Liabilities": 1623000000,
    "Liabilities_date": "2025-09-30",
    "CurrentLiabilities": 965000000,
    "CurrentLiabilities_date": "2025-09-30",
    "ShareholdersEquity": -207000000,
    "ShareholdersEquity_date": "2025-09-30",
    "Cash": 445000000,
    "Cash_date": "2025-09-30",
    "ShortTermInvestments": 0,
    "ShortTermInvestments_date": "2025-09-30",
    "NetIncome": 108000000,
    "NetIncome_date": "2025-09-30",
    "LongTermDebtCurrent": 18000000,
    "LongTermDebtCurrent_date": "2025-09-30",
    "Revenue": 881000000,
    "Revenue_date": "2025-09-30",
    "CFO": 194000000,
    "CFO_date": "2025-09-30",
    "OperatingExpenses": 521000000,
    "OperatingExpenses_date": "2025-09-30",
    "InterestExpense": 26000000,
    "InterestExpense_date": "2025-09-30",
    "collected_at": "2026-01-27"
  },
  {
    "ticker": "INVA",
    "cik": "0001080014",
    "Assets": 1429106000,
    "Assets_date": "2025-09-30",
    "CurrentAssets": 684570000,
    "CurrentAssets_date": "2025-09-30",
    "CurrentLiabilities": 48471000,
    "CurrentLiabilities_date": "2025-09-30",
    "ShareholdersEquity": 565788000,
    "ShareholdersEquity_date": "2022-12-31",
    "Cash": 476513000,
    "Cash_date": "2025-09-30",
    "MarketableSecurities": 282000,
    "MarketableSecurities_date": "2022-09-30",
    "R&D": 26049000,
    "R&D_date": "2025-09-30",
    "NetIncome": 4435000,
    "NetIncome_date": "2016-03-31",
    "LongTermDebt": 739126000,
    "LongTermDebt_date": "2016-06-30",
    "LongTermDebtCurrent": 15181000,
    "LongTermDebtCurrent_date": "2017-06-30",
    "Revenue": 296715000,
    "Revenue_date": "2025-09-30",
    "CFO": 142417000,
    "CFO_date": "2025-09-30",
    "OperatingExpenses": 107243000,
    "OperatingExpenses_date": "2025-09-30",
    "InterestExpense": 13389000,
    "InterestExpense_date": "2025-09-30",
    "collected_at": "2026-01-27"
  },
  {
    "ticker": "IVVD",
    "cik": "0001832038",
    "Assets": 139158000,
    "Assets_date": "2025-09-30",
    "CurrentAssets": 109769000,
    "CurrentAssets_date": "2025-09-30",
    "Liabilities": 46090000,
    "Liabilities_date": "2025-09-30",
    "CurrentLiabilities": 44496000,
    "CurrentLiabilities_date": "2025-09-30",
    "ShareholdersEquity": 93068000,
    "ShareholdersEquity_date": "2025-09-30",
    "Cash": 84967000,
    "Cash_date": "2025-09-30",
    "R&D": 28260000,
    "R&D_date": "2025-09-30",
    "NetIncome": -41419000,
    "NetIncome_date": "2025-09-30",
    "Revenue": 36219000,
    "Revenue_date": "2025-09-30",
    "CFO": -42680000,
    "CFO_date": "2025-09-30",
    "OperatingExpenses": 79224000,
    "OperatingExpenses_date": "2025-09-30",
    "collected_at": "2026-01-27"
  },
  {
    "ticker": "KMDA",
    "cik": "0001567529",
    "CurrentLiabilities": 222000,
    "CurrentLiabilities_date": "2020-12-31",
    "ShortTermInvestments": 39069000,
    "ShortTermInvestments_date": "2020-12-31",
    "collected_at": "2026-01-27"
  },
  {
    "ticker": "KNSA",
    "cik": "0001730430",
    "Assets": 712333000,
    "Assets_date": "2025-09-30",
    "CurrentAssets": 475530000,
    "CurrentAssets_date": "2025-09-30",
    "Liabilities": 176950000,
    "Liabilities_date": "2025-09-30",
    "CurrentLiabilities": 123592000,
    "CurrentLiabilities_date": "2025-09-30",
    "ShareholdersEquity": 535383000,
    "ShareholdersEquity_date": "2025-09-30",
    "Cash": 174858000,
    "Cash_date": "2025-09-30",
    "ShortTermInvestments": 177244000,
    "ShortTermInvestments_date": "2025-09-30",
    "R&D": 62244000,
    "R&D_date": "2025-09-30",
    "NetIncome": 44806000,
    "NetIncome_date": "2025-09-30",
    "Revenue": 475437000,
    "Revenue_date": "2025-09-30",
    "CFO": 84091000,
    "CFO_date": "2025-09-30",
    "OperatingExpenses": 49283000,
    "OperatingExpenses_date": "2021-03-31",
    "collected_at": "2026-01-27"
  },
  {
    "ticker": "LFCR",
    "cik": "0001005286",
    "Assets": 235204000,
    "Assets_date": "2025-09-30",
    "CurrentAssets": 83928000,
    "CurrentAssets_date": "2025-09-30",
    "Liabilities": 198418000,
    "Liabilities_date": "2025-09-30",
    "CurrentLiabilities": 29958000,
    "CurrentLiabilities_date": "2025-09-30",
    "ShareholdersEquity": -10537000,
    "ShareholdersEquity_date": "2025-09-30",
    "Cash": 18856000,
    "Cash_date": "2025-09-30",
    "MarketableSecurities": 1297000,
    "MarketableSecurities_date": "2013-08-25",
    "COGS": 309463000,
    "COGS_date": "2014-02-23",
    "R&D": 1963000,
    "R&D_date": "2025-09-30",
    "NetIncome": -9991000,
    "NetIncome_date": "2025-09-30",
    "LongTermDebt": 135951000,
    "LongTermDebt_date": "2025-09-30",
    "LongTermDebtCurrent": 947000,
    "LongTermDebtCurrent_date": "2025-09-30",
    "Revenue": 557559000,
    "Revenue_date": "2019-05-26",
    "CFO": 1762000,
    "CFO_date": "2025-09-30",
    "OperatingExpenses": 30014000,
    "OperatingExpenses_date": "2024-11-24",
    "InterestExpense": 6384000,
    "InterestExpense_date": "2025-09-30",
    "collected_at": "2026-01-27"
  },
  {
    "ticker": "OBIO",
    "cik": "0001814114",
    "Assets": 104807000,
    "Assets_date": "2025-09-30",
    "CurrentAssets": 97768000,
    "CurrentAssets_date": "2025-09-30",
    "Liabilities": 61068000,
    "Liabilities_date": "2025-09-30",
    "CurrentLiabilities": 20655000,
    "CurrentLiabilities_date": "2025-09-30",
    "ShareholdersEquity": 99753000,
    "ShareholdersEquity_date": "2023-03-31",
    "Cash": 42012000,
    "Cash_date": "2025-09-30",
    "MarketableSecurities": 53808000,
    "MarketableSecurities_date": "2025-09-30",
    "COGS": 139000,
    "COGS_date": "2025-09-30",
    "R&D": 41362000,
    "R&D_date": "2025-09-30",
    "NetIncome": -58946000,
    "NetIncome_date": "2025-09-30",
    "LongTermDebt": 15000000,
    "LongTermDebt_date": "2025-09-30",
    "Revenue": 2565000,
    "Revenue_date": "2025-09-30",
    "CFO": -46693000,
    "CFO_date": "2025-09-30",
    "OperatingExpenses": 61126000,
    "OperatingExpenses_date": "2025-09-30",
    "InterestExpense": 297000,
    "InterestExpense_date": "2024-12-31",
    "collected_at": "2026-01-27"
  },
  {
    "ticker": "OCUL",
    "cik": "0001393434",
    "Assets": 410882000,
    "Assets_date": "2025-09-30",
    "CurrentAssets": 386980000,
    "CurrentAssets_date": "2025-09-30",
    "Liabilities": 152653000,
    "Liabilities_date": "2025-09-30",
    "CurrentLiabilities": 49294000,
    "CurrentLiabilities_date": "2025-09-30",
    "ShareholdersEquity": 258229000,
    "ShareholdersEquity_date": "2025-09-30",
    "Cash": 344772000,
    "Cash_date": "2025-09-30",
    "R&D": 146296000,
    "R&D_date": "2025-09-30",
    "NetIncome": -201285000,
    "NetIncome_date": "2025-09-30",
    "LongTermDebt": 18000000,
    "LongTermDebt_date": "2017-09-30",
    "Revenue": 38701000,
    "Revenue_date": "2025-09-30",
    "CFO": -150634000,
    "CFO_date": "2025-09-30",
    "OperatingExpenses": 238958000,
    "OperatingExpenses_date": "2025-09-30",
    "InterestExpense": 4051000,
    "InterestExpense_date": "2024-03-31",
    "collected_at": "2026-01-27"
  },
  {
    "ticker": "OMER",
    "cik": "0001285819",
    "Assets": 185706000,
    "Assets_date": "2025-09-30",
    "CurrentAssets": 71805000,
    "CurrentAssets_date": "2025-09-30",
    "CurrentLiabilities": 80756000,
    "CurrentLiabilities_date": "2025-09-30",
    "ShareholdersEquity": -220478000,
    "ShareholdersEquity_date": "2025-09-30",
    "Cash": 2395000,
    "Cash_date": "2025-09-30",
    "ShortTermInvestments": 33690000,
    "ShortTermInvestments_date": "2025-09-30",
    "R&D": 61850000,
    "R&D_date": "2025-09-30",
    "NetIncome": -89801000,
    "NetIncome_date": "2025-09-30",
    "LongTermDebt": 154939000,
    "LongTermDebt_date": "2025-09-30",
    "LongTermDebtCurrent": 2561000,
    "LongTermDebtCurrent_date": "2019-03-31",
    "Revenue": 79889000,
    "Revenue_date": "2021-09-30",
    "CFO": -76252000,
    "CFO_date": "2025-09-30",
    "OperatingExpenses": 93715000,
    "OperatingExpenses_date": "2025-09-30",
    "InterestExpense": 21498000,
    "InterestExpense_date": "2024-09-30",
    "collected_at": "2026-01-27"
  },
  {
    "ticker": "PAHC",
    "cik": "0001069899",
    "Assets": 1385524000,
    "Assets_date": "2025-09-30",
    "CurrentAssets": 835799000,
    "CurrentAssets_date": "2025-09-30",
    "Liabilities": 1073843000,
    "Liabilities_date": "2025-09-30",
    "CurrentLiabilities": 270139000,
    "CurrentLiabilities_date": "2025-09-30",
    "ShareholdersEquity": 311681000,
    "ShareholdersEquity_date": "2025-09-30",
    "Cash": 72769000,
    "Cash_date": "2025-09-30",
    "ShortTermInvestments": 12504000,
    "ShortTermInvestments_date": "2025-09-30",
    "R&D": 23726000,
    "R&D_date": "2025-06-30",
    "NetIncome": 26527000,
    "NetIncome_date": "2025-09-30",
    "LongTermDebt": 627962000,
    "LongTermDebt_date": "2025-09-30",
    "LongTermDebtCurrent": 18444000,
    "LongTermDebtCurrent_date": "2025-09-30",
    "Revenue": 363893000,
    "Revenue_date": "2025-09-30",
    "CFO": 9302000,
    "CFO_date": "2025-09-30",
    "InterestExpense": 17013000,
    "InterestExpense_date": "2024-03-31",
    "collected_at": "2026-01-27"
  },
  {
    "ticker": "PBYI",
    "cik": "0001401667",
    "Assets": 202862000,
    "Assets_date": "2025-09-30",
    "CurrentAssets": 143580000,
    "CurrentAssets_date": "2025-09-30",
    "Liabilities": 87594000,
    "Liabilities_date": "2025-09-30",
    "CurrentLiabilities": 82728000,
    "CurrentLiabilities_date": "2025-09-30",
    "ShareholdersEquity": 115268000,
    "ShareholdersEquity_date": "2025-09-30",
    "Cash": 53525000,
    "Cash_date": "2025-09-30",
    "MarketableSecurities": 40863000,
    "MarketableSecurities_date": "2025-09-30",
    "R&D": 27203000,
    "R&D_date": "2022-06-30",
    "NetIncome": 17673000,
    "NetIncome_date": "2025-09-30",
    "LongTermDebt": 34007000,
    "LongTermDebt_date": "2025-09-30",
    "LongTermDebtCurrent": 33716000,
    "LongTermDebtCurrent_date": "2025-09-30",
    "Revenue": 152918000,
    "Revenue_date": "2025-09-30",
    "CFO": 27383000,
    "CFO_date": "2025-09-30",
    "OperatingExpenses": 132725000,
    "OperatingExpenses_date": "2025-09-30",
    "InterestExpense": 3359000,
    "InterestExpense_date": "2024-03-31",
    "collected_at": "2026-01-27"
  },
  {
    "ticker": "RPRX",
    "cik": "0001802768",
    "Assets": 19347280000,
    "Assets_date": "2025-09-30",
    "CurrentAssets": 1849537000,
    "CurrentAssets_date": "2025-09-30",
    "Liabilities": 9726419000,
    "Liabilities_date": "2025-09-30",
    "CurrentLiabilities": 530802000,
    "CurrentLiabilities_date": "2025-09-30",
    "Cash": 938944000,
    "Cash_date": "2025-09-30",
    "R&D": 401500000,
    "R&D_date": "2025-09-30",
    "NetIncome": 556742000,
    "NetIncome_date": "2025-09-30",
    "LongTermDebt": 8945735000,
    "LongTermDebt_date": "2025-09-30",
    "LongTermDebtCurrent": 380000000,
    "LongTermDebtCurrent_date": "2025-09-30",
    "Revenue": 1756203000,
    "Revenue_date": "2025-09-30",
    "CFO": 1662675000,
    "CFO_date": "2025-09-30",
    "OperatingExpenses": 585067000,
    "OperatingExpenses_date": "2025-09-30",
    "InterestExpense": 44232000,
    "InterestExpense_date": "2024-03-31",
    "collected_at": "2026-01-28"
  },
  {
    "ticker": "SIGA",
    "cik": "0001010086",
    "Assets": 231603076,
    "Assets_date": "2025-09-30",
    "CurrentAssets": 227745471,
    "CurrentAssets_date": "2025-09-30",
    "Liabilities": 28124200,
    "Liabilities_date": "2025-09-30",
    "CurrentLiabilities": 24842321,
    "CurrentLiabilities_date": "2025-09-30",
    "ShareholdersEquity": 203478876,
    "ShareholdersEquity_date": "2025-09-30",
    "Cash": 171955584,
    "Cash_date": "2025-09-30",
    "AvailableForSaleSecurities": 0,
    "AvailableForSaleSecurities_date": "2011-12-31",
    "COGS": 1782838,
    "COGS_date": "2019-12-31",
    "R&D": 14914895,
    "R&D_date": "2025-09-30",
    "NetIncome": 28709061,
    "NetIncome_date": "2025-09-30",
    "LongTermDebt": 78911307,
    "LongTermDebt_date": "2019-09-30",
    "LongTermDebtCurrent": 0,
    "LongTermDebtCurrent_date": "2015-12-31",
    "Revenue": 90780818,
    "Revenue_date": "2025-09-30",
    "CFO": 60332261,
    "CFO_date": "2025-09-30",
    "OperatingExpenses": 57578927,
    "OperatingExpenses_date": "2025-09-30",
    "InterestExpense": 0,
    "InterestExpense_date": "2022-12-31",
    "collected_at": "2026-01-28"
  },
  {
    "ticker": "SUPN",
    "cik": "0001356576",
    "Assets": 1419754000,
    "Assets_date": "2025-09-30",
    "CurrentAssets": 593891000,
    "CurrentAssets_date": "2025-09-30",
    "Liabilities": 370087000,
    "Liabilities_date": "2025-09-30",
    "CurrentLiabilities": 330629000,
    "CurrentLiabilities_date": "2025-09-30",
    "ShareholdersEquity": 1049667000,
    "ShareholdersEquity_date": "2025-09-30",
    "Cash": 151371000,
    "Cash_date": "2025-09-30",
    "MarketableSecurities": 368214000,
    "MarketableSecurities_date": "2022-12-31",
    "R&D": 78408000,
    "R&D_date": "2025-09-30",
    "NetIncome": -34445000,
    "NetIncome_date": "2025-09-30",
    "LongTermDebt": 23225000,
    "LongTermDebt_date": "2012-12-31",
    "LongTermDebtCurrent": 401438000,
    "LongTermDebtCurrent_date": "2022-09-30",
    "Revenue": 507380000,
    "Revenue_date": "2025-09-30",
    "CFO": 27470000,
    "CFO_date": "2025-09-30",
    "OperatingExpenses": 565726000,
    "OperatingExpenses_date": "2025-09-30",
    "InterestExpense": 0,
    "InterestExpense_date": "2024-12-31",
    "collected_at": "2026-01-28"
  },
  {
    "ticker": "VOR",
    "cik": "0001817229",
    "Assets": 176237000,
    "Assets_date": "2025-09-30",
    "CurrentAssets": 172486000,
    "CurrentAssets_date": "2025-09-30",
    "Liabilities": 2401724000,
    "Liabilities_date": "2025-09-30",
    "CurrentLiabilities": 18839000,
    "CurrentLiabilities_date": "2025-09-30",
    "ShareholdersEquity": -2225487000,
    "ShareholdersEquity_date": "2025-09-30",
    "Cash": 160462000,
    "Cash_date": "2025-09-30",
    "MarketableSecurities": 10000000,
    "MarketableSecurities_date": "2025-09-30",
    "ShortTermInvestments": 87668000,
    "ShortTermInvestments_date": "2021-12-31",
    "R&D": 302342000,
    "R&D_date": "2025-09-30",
    "NetIncome": -2418839000,
    "NetIncome_date": "2025-09-30",
    "CFO": -119912000,
    "CFO_date": "2025-09-30",
    "OperatingExpenses": 335682000,
    "OperatingExpenses_date": "2025-09-30",
    "collected_at": "2026-01-28"
  },
  {
    "ticker": "VTRS",
    "cik": "0001792044",
    "Assets": 37920400000,
    "Assets_date": "2025-09-30",
    "CurrentAssets": 9951400000,
    "CurrentAssets_date": "2025-09-30",
    "Liabilities": 22702800000,
    "Liabilities_date": "2025-09-30",
    "CurrentLiabilities": 7364100000,
    "CurrentLiabilities_date": "2025-09-30",
    "ShareholdersEquity": -201000000,
    "ShareholdersEquity_date": "2020-09-27",
    "Cash": 975300000,
    "Cash_date": "2025-09-30",
    "AvailableForSaleSecurities": 39100000,
    "AvailableForSaleSecurities_date": "2020-12-31",
    "R&D": 691200000,
    "R&D_date": "2025-09-30",
    "NetIncome": -170000000,
    "NetIncome_date": "2020-09-27",
    "LongTermDebt": 11535000000,
    "LongTermDebt_date": "2020-09-27",
    "LongTermDebtCurrent": 1951900000,
    "LongTermDebtCurrent_date": "2025-09-30",
    "Revenue": 10559700000,
    "Revenue_date": "2025-09-30",
    "CFO": 1500100000,
    "CFO_date": "2025-09-30",
    "OperatingExpenses": 6336000000,
    "OperatingExpenses_date": "2025-09-30",
    "InterestExpense": 351700000,
    "InterestExpense_date": "2025-09-30",
    "collected_at": "2026-01-28"
  },
  {
    "ticker": "XERS",
    "cik": "0001867096",
    "Assets": 370191000,
    "Assets_date": "2025-09-30",
    "CurrentAssets": 224017000,
    "CurrentAssets_date": "2025-09-30",
    "Liabilities": 371052000,
    "Liabilities_date": "2025-09-30",
    "CurrentLiabilities": 116200000,
    "CurrentLiabilities_date": "2025-09-30",
    "ShareholdersEquity": -861000,
    "ShareholdersEquity_date": "2025-09-30",
    "Cash": 91598000,
    "Cash_date": "2025-09-30",
    "ShortTermInvestments": 0,
    "ShortTermInvestments_date": "2024-12-31",
    "R&D": 23291000,
    "R&D_date": "2025-09-30",
    "NetIncome": -10527000,
    "NetIncome_date": "2025-09-30",
    "LongTermDebt": 219469000,
    "LongTermDebt_date": "2025-09-30",
    "LongTermDebtCurrent": 0,
    "LongTermDebtCurrent_date": "2025-09-30",
    "Revenue": 206038000,
    "Revenue_date": "2025-09-30",
    "CFO": 8583000,
    "CFO_date": "2025-09-30",
    "OperatingExpenses": 197915000,
    "OperatingExpenses_date": "2025-09-30",
    "InterestExpense": 7032000,
    "InterestExpense_date": "2024-03-31",
    "collected_at": "2026-01-28"
  }
]